3208 4768
206 220 268 290 180
313 244 399 300 licor.
417 260 440 300 e.
461 242 571 313 conpr.
592 242 668 312 Epp.
687 239 730 296 14.
747 241 837 311 April
849 241 939 297 1890:
958 241 1087 311 prolerre.
1101 241 1152 312 rid.
1171 243 1204 296 tn
1223 243 1326 296 nolint.
1348 241 1444 304 benef.

204 420 236 483 et
256 416 409 482 transiens
431 416 538 490 obiter,
562 413 607 479 ita
631 418 665 482 ut
685 413 899 480 missiouerius
921 432 978 480 non
995 415 1092 499 possit
1107 416 1219 480 iterum
1237 414 1442 498 poenitentem

204 521 319 600 ridere,
345 519 493 606 numquid
516 519 650 596 sufficit,
673 520 773 604 posito
792 539 866 584 casu
890 520 1059 604 urgentiori
1083 518 1299 594 absolutionis,
1324 519 1444 604 exigere

203 645 222 692 a
254 625 431 710 poenitente
465 625 696 707 promissionem
731 624 905 702 scribendi,
941 624 1038 689 tacito
1070 625 1096 689 si
1129 623 1195 689 ruit
1227 623 1370 700 nomine,
1405 624 1443 687 ad

202 729 232 797 S.
258 728 530 795 Paenitentiariam
553 728 636 793 intra
657 746 802 806 mensem,
827 735 858 792 et
873 729 975 793 standi
992 725 1076 794 illius
1092 727 1258 806 mandatis,
1281 727 1354 811 quin
1368 745 1442 792 con-

203 834 349 901 iessarius
372 833 437 916 ipse
460 832 603 898 scribat?

308 936 377 1003 VII.
408 938 538 1014 Utrum,
560 939 630 1002 tuta
650 934 847 1014 conscientia,
871 937 998 1002 docetur
1021 938 1053 1000 et
1075 937 1106 1000 in
1130 936 1247 1020 praxim
1272 935 1445 1012 deducitur,
1586 1021 1587 1028 ἵ

203 1045 239 1109 ut
260 1038 386 1128 quidam
411 1041 533 1121 volunt,
566 1045 690 1126 propter
720 1041 899 1106 hodiernum
924 1041 1093 1126 periculum
1120 1059 1155 1105 ne
1176 1040 1355 1124 aporiantur
1377 1042 1443 1125 epi-

202 1148 302 1213 stotae
322 1166 341 1212 a
362 1147 517 1232 potestate
539 1145 634 1223 civiti,
660 1163 717 1212 non
745 1145 857 1230 requiri
881 1147 915 1210 nt
938 1146 1068 1230 epistola
1092 1145 1131 1210 ad
1154 1143 1316 1211 Summum
1339 1145 1445 1210 Ponti·

202 1251 280 1316 doen
302 1251 457 1336 dirigatur
480 1253 510 1316 in
534 1251 656 1315 casibus
671 1250 900 1334 urgentioribus
917 1249 963 1314 vol
979 1249 1103 1334 quando
1118 1249 1197 1314 adiri
1215 1250 1322 1334 nequit
1338 1249 1446 1332 Papa?

307 1355 392 1422 rur.
423 1355 526 1421 Posito
555 1355 636 1440 quod
668 1373 727 1420 nou
759 1356 934 1438 requiratur
964 1354 1095 1438 epistola
1118 1354 1157 1419 ad
1180 1353 1340 1420 Summum
1365 1354 1447 1419 Pou-

201 1460 328 1538 tificem,
352 1459 500 1544 numquid
524 1459 699 1543 requiratur
720 1458 850 1543 epistola
869 1455 986 1524 directa
1002 1459 1040 1522 sd
1057 1459 1243 1542 episcopum,
1267 1460 1370 1523 stante
1388 1459 1445 1524 hoo

202 1565 339 1649 generali
363 1564 507 1648 periculo,
531 1564 711 1648 praesertim
733 1563 853 1647 quando
877 1563 982 1647 agitur
1004 1564 1042 1628 de
1066 1563 1257 1628 absolutione
1275 1561 1445 1646 complicis,

201 1688 279 1753 quus
302 1669 396 1735 etiarn
422 1668 580 1753 perfidiose
602 1666 726 1733 detecta
748 1671 781 1732 et
800 1667 936 1733 revetata
955 1667 1134 1732 scandatum
1157 1685 1303 1751 generare
1320 1665 1445 1751 potest?

307 1774 424 1840 Horum
457 1772 618 1839 dubiorum
650 1773 832 1838 solutionem
861 1773 901 1838 ab
925 1772 1101 1837 Eminentia
1126 1772 1235 1837 Vestra
1258 1771 1446 1838 fiducialiter

202 1880 367 1962 expectans
387 1879 420 1942 et
443 1877 518 1961 lijus
540 1893 659 1941 scoram
684 1893 850 1960 purpuram
873 1877 1064 1953 exosculans,

308 1981 407 2060 iliius,
431 1979 641 2047 humillimum
665 1983 696 2045 et
718 1980 967 2046 addictissimum
990 1995 1111 2046 serrum
1134 1997 1181 2046 me
1201 1980 1308 2047 fateor.

413 2087 447 2153 Β.
472 2115 515 2134 *-
537 2086 747 2168 Responsum.
866 2075 884 2104 ι

305 2190 400 2257 Saum
422 2189 671 2266 poenitentiario,
697 2191 819 2254 mature
834 2188 1036 2254 oondderatis
1051 2189 1206 2271 expositis,
1230 2188 1269 2253 ad
1285 2188 1445 2272 proposita

202 2294 298 2362 dubia
319 2295 498 2378 respondet:

307 2397 355 2466 Ad
377 2399 424 2466 ΙΝ.
460 2399 617 2483 Negotium

308 2504 355 2570 Ad
378 2503 444 2582 11¹⁸,
465 2502 548 2581 111³,
569 2499 602 2568 et
624 2501 702 2568 ltin.
734 2501 851 2569 Orator
874 2501 1015 2568 conmdat
1034 2501 1241 2584 Episcopum,
1265 2507 1309 2580 et,
1337 2508 1444 2584 panta·

202 2615 292 2676 unam
314 2629 391 2691 opus
411 2609 463 2687 sit,
485 2607 569 2674 ι’ἀοηι
591 2607 771 2690 Episcopus
788 2614 932 2674 renarrat
953 2607 998 2672 od
1016 2605 1150 2673 Sacram
1165 2603 1350 2687 Supremam
1366 2606 1446 2673 Ocu·

200 2715 410 2798 gregorianam
430 2709 622 2779 universatis
642 2713 874 2794 Inprea'cita'arria.

308 2817 354 2882 Ad
378 2817 437 2884 Vm.
464 2817 673 2900 Affirmatioa
696 2817 763 2882 aiei
784 2835 879 2882 casua
899 2817 965 2882 siat
985 2815 1106 2882 amutii.

306 2922 355 2987 Ad
379 2921 453 2986 Vlfl.
481 2922 690 3004 Asftmatioe.

307 3027 355 3092 Ad
379 3025 472 3093 ultr.
502 3026 661 3110 Napatioe,
684 3045 755 3091 cunr
778 3027 812 3091 in
829 3023 977 3108 praeitur
992 3024 1122 3090 nomina
1136 3027 1165 3088 et
1179 3023 1364 3106 capnomiuo
1379 3025 1448 3090 aiut

202 3131 439 3214 supprimenda.

308 3235 356 3300 nd
380 3233 487 3299 urna
518 3234 689 3302 Prodicum
710 3235 747 3300 r'u
775 3233 864 3300 V110.

307 3337 422 3405 Datum
448 3339 570 3418 Rornae,
594 3339 624 3403 iu
649 3337 743 3404 Sacra
764 3337 1017 3413 Paenitentiaria,
1041 3335 1090 3400 die
1111 3335 1140 3401 7.
1157 3336 1331 3401 novembris
1350 3337 1446 3404 1888.

450 3495 518 3562 ΠΙ.
557 3493 691 3562 Decreta
711 3515 737 3562 a.
760 3493 795 3561 0.
819 3494 900 3576 Epp.
924 3499 954 3560 et
977 3493 1193 3577 Reputara'um.

419 3631 449 3693 1.
483 3625 639 3708 Pr0faeaio
660 3626 736 3708 fidoi
756 3627 792 3692 in
814 3624 977 3692 concanae
999 3623 1226 3706 confiniorum.

410 3747 446 3812 Α.
472 3781 511 3796 -
535 3747 692 3831 Quaestio.

515 3867 698 3935 Beatissimo
719 3867 823 3934 Pater.

307 3981 587 4050 N.......N
612 3981 779 4066 Episcopus
804 3979 933 4048 N...,
958 3981 988 4045 in
1013 3979 1126 4059 Gallia,
1152 3979 1190 4045 ad
1211 3979 1303 4063 pedes
1322 3977 1448 4046 Sancti-

202 4087 278 4152 tatis
303 4087 430 4153 Vestrae
454 4086 614 4152 humiliter
639 4086 836 4168 pmrotutus‚
866 4085 1023 4169 hucusque
1049 4085 1171 4164 putarit
1193 4084 1252 4149 eibi
1272 4085 1450 4168 competere

202 4188 403 4267 facultatem,
432 4190 470 4255 de
495 4189 565 4275 jure
593 4189 764 4267 communi,
795 4189 1016 4274 subdelegaudi
1040 4207 1249 4274 quoscumque
1270 4188 1449 4254 sacerdotes

203 4295 387 4379 approbatos
411 4313 484 4360 suas
506 4295 665 4371 dioecesis,
689 4297 724 4362 ut
747 4295 865 4378 possint
888 4292 960 4358 dare
982 4293 1218 4372 investituram,
1242 4311 1295 4359 seu
1319 4293 1450 4358 mittere

203 4397 396 4482 presbyteros
423 4399 583 4465 institutos
614 4399 644 4462 in
670 4395 888 4480 possessionem
912 4396 1062 4462 beneficii.
1108 4395 1166 4464 Sed
1189 4415 1260 4464 cum
1284 4399 1450 4481 episeopus

202 4503 304 4566 orator
327 4519 424 4583 nuper
446 4507 635 4583 compertum
661 4501 804 4566 tabuerit
827 4503 989 4566 nonnullos
1013 4501 1103 4568 hodie
1127 4503 1165 4568 de
1191 4499 1350 4585 praedicta
1377 4515 1450 4566 sen·

202 4602 302 4670 tentia
325 4603 479 4680 dubitare,
502 4603 573 4668 huic
596 4621 700 4670 sacrae
720 4604 959 4690 congregationi
982 4605 1122 4690 proponit
1145 4621 1276 4692 sequens
1295 4601 1448 4688 dubium:
