3180 4778
786 722 905 805 llllllll.

466 882 617 965 llecrcla
642 879 678 962 8.
704 878 826 1012 tonus.
852 878 952 980 supr.
974 877 1217 980 -lnuulsltiouia

237 1079 266 1140 1.
293 1075 324 1139 d.
337 1075 368 1141 d.
392 1079 422 1140 6.
447 1073 536 1139 Moli
558 1075 645 1139 1891
668 1073 753 1138 circo
772 1070 993 1154 probationem
1010 1069 1110 1135 abitare
1135 1069 1271 1135 albulae
1294 1067 1444 1150 centupla.

531 1212 722 1280 Beatissimo
745 1211 860 1278 Potor!

324 1343 494 1408 Humiliter
528 1343 692 1426 expetituri
724 1341 939 1425 interpretatio
971 1340 1151 1408 anthentica
1182 1337 1400 1405 Instructionis
1427 1336 1456 1402 S.

221 1447 477 1532 congregationis
505 1447 543 1512 de
575 1445 777 1530 Propagauuc
807 1445 882 1510 nice
909 1464 937 1510 a.
965 1445 1046 1510 1883
1077 1445 1122 1510 De
1152 1443 1287 1512 Jndiciis
1315 1442 1459 1508 ecclesia·

220 1551 340 1636 sticis1)
365 1552 433 1616 Art.
457 1551 513 1616 IV.
539 1550 583 1615 De
602 1549 822 1634 impedimento
845 1549 1005 1634 ligaminis
1027 1552 1054 1630 ς.
1078 1549 1130 1616 48.
1154 1547 1253 1632 quoad
1277 1565 1422 1630 passum:

326 1655 461 1736 »Quodsi
484 1654 522 1720 de
542 1653 737 1720 matrimonio
759 1653 968 1719 manutenebo
990 1655 1112 1736 agatur,
1136 1653 1194 1719 boc
1215 1651 1355 1734 permitti
1371 1668 1461 1716 nnm-

220 1777 312 1844 qnam
336 1759 458 1842 poterit,
482 1757 578 1823 dousc
600 1757 638 1822 de
662 1759 760 1823 morte
782 1757 893 1841 prioris
915 1756 1057 1841 coniugis
1079 1763 1161 1823 certo
1180 1753 1384 1822 constiterit«

322 1863 430 1930 &mccc
450 1863 651 1946 semema.
679 1860 790 1928 Oorcm
806 1860 955 1928 tribunali
971 1860 1178 1927 ecclesiastico
1194 1861 1305 1927 Curiae
1321 1858 1363 1924 N.
1379 1858 1460 1923 duae

220 1985 331 2032 causae
353 1967 527 2051 agebantur
548 1965 588 2030 nd
612 1963 693 2030 hanc
714 1965 876 2042 ellectum,
898 1971 933 2030 al
954 1967 1014 2044 cir,
1037 1967 1093 2048 qul
1115 1971 1187 2032 uate
1208 1969 1339 2030 30-38
1361 1982 1462 2029 rennos

222 2071 347 2137 mannil
368 2088 424 2136 nec
445 2069 483 2135 de
505 2089 540 2135 co
564 2069 697 2134 habetur
718 2069 831 2134 notitia
854 2069 928 2150 ullu,
950 2087 1004 2152 pro
1029 2071 1149 2136 mortno
1172 2068 1348 2135 declaretur
1371 2069 1405 2132 et
1427 2069 1461 2132 ut

221 2175 300 2258 parti
329 2174 495 2241 derelictae
523 2173 572 2238 las
601 2173 645 2238 sit
675 2171 737 2237 llus
763 2171 886 2255 nuptiae
917 2172 1004 2241 inire.
1054 2171 1150 2239 Index
1179 2172 1255 2238 lunas
1282 2171 1461 2246 instantiae,

220 2296 363 2361 processu
390 2279 423 2342 iu
455 2278 552 2343 torma
578 2275 736 2354 conlecto,
768 2295 824 2342 uec
854 2295 948 2340 unum
979 2275 1105 2360 quidem
1133 2279 1246 2342 testem
1276 2281 1395 2342 commu
1421 2274 1461 2340 dc

222 2383 319 2447 morte
340 2381 479 2466 coniugis
502 2378 647 2459 adduxit,
679 2379 880 2445 nihilominus
901 2379 1021 2445 obitum
1044 2399 1080 2446 ex
1102 2379 1303 2456 coniecturis,
1328 2379 1460 2455 indiciis,

221 2484 422 2564 edictalibus,
454 2485 600 2551 diuturna
630 2483 771 2550 absentia
797 2485 847 2549 tot
869 2502 1016 2552 annorum
1040 2487 1124 2550 certo
1145 2485 1308 2568 probatum
1331 2483 1461 2548 inridlce

221 2590 427 2672 praesumpsit
461 2592 492 2655 el
525 2587 606 2673 parti
640 2587 799 2653 accusanti
831 2587 1008 2655 libertatem
1041 2588 1128 2654 dedit
1156 2589 1193 2654 ad
1228 2587 1462 2654 matrimonium

221 2693 299 2758 num
320 2711 422 2759 coram
445 2693 575 2759 ecclesia
596 2692 849 2771 contrahendum,
871 2693 952 2776 quod
976 2693 1038 2760 iarn
1061 2691 1196 2759 civiliter
1215 2693 1328 2758 initam
1345 2694 1415 2758 crat
1429 2693 1460 2758 et

221 2797 322 2881 proles
344 2799 498 2881 suscepta.

322 2899 417 2966 Iudex
438 2901 470 2965 iu
493 2901 694 2987 appellatorio
723 2900 907 2985 simpliciter
936 2900 1122 2967 senteutiam
1151 2899 1278 2981 reiecit,
1308 2885 1461 2970 deducens

221 3005 271 3070 hic
290 3023 356 3073 csse
378 3023 483 3071 cneum
507 3004 544 3072 de
558 3005 755 3072 matrimonio
770 3005 993 3084 conbobecdo,
1015 3004 1145 3090 ideoque
1160 3021 1316 3089 uunquam
1333 3004 1462 3088 permit·

220 3109 299 3174 titur
321 3109 491 3175 connotatio
513 3109 552 3174 ad
577 3110 639 3175 112⁸
663 3109 797 3193 nuptiae,
819 3109 877 3174 nisi
901 3111 985 3175 certo
1000 3109 1021 3176 i.
1037 3127 1062 3176 e.
1079 3128 1134 3194 per
1148 3109 1343 3184 documenta,
1365 3109 1462 3174 testes

325 3299 352 3369 1)
375 3301 425 3356 Dia
447 3301 476 3356 in
499 3300 572 3356 Rode
595 3299 726 3358 smhcudc
750 3299 932 3359 ausinhrliclrs
956 3300 1104 3356 Instrnctlo
1122 3299 1213 3356 warde
1229 3299 1268 3356 im
1284 3299 1311 3356 J.
1333 3298 1401 3356 1883
1419 3315 1463 3354 aa·

221 3385 318 3442 aicbat
342 3403 377 3442 an
401 3388 445 3442 die
469 3387 596 3444 Bischbie
617 3387 665 3444 dcr
691 3386 888 3458 Vereialptra
907 3387 1037 3444 Stantem
1054 3388 1300 3444 Nordumerllsae
1318 3387 1361 3442 als
1379 3385 1462 3440 Norm

221 3489 267 3526 aur
283 3471 464 3544 Bahaudlung
482 3475 531 3529 der
550 3474 728 3544 Eheproccsee
752 3473 801 3528 wie
824 3473 872 3528 dcr
899 3471 1202 3544 Eheaugclegenhcitcn
1230 3472 1385 3542 tharhaupt
1410 3489 1462 3528 von

221 3557 268 3613 der
286 3558 312 3612 S.
331 3557 429 3630 Congr.
447 3560 480 3615 de
498 3559 577 3629 Prop.
596 3559 663 3614 nius
682 3558 839 3614 dberaandt.
875 3558 999 3614 Disselbc
1018 3559 1055 3613 lat
1072 3575 1098 3614 u.
1117 3575 1142 3614 a
1159 3557 1328 3629 abgedruckt
1348 3558 1386 3612 im
1406 3560 1462 3612 Ar·

221 3649 302 3710 cliro,
325 3644 374 3700 Ed.
394 3648 436 3702 54.
463 3646 491 3700 S.
508 3645 543 3700 48
560 3645 603 3701 a:
627 3645 696 3700 Acta
718 3646 743 3701 S.
764 3645 839 3700 Sedis
860 3643 970 3708 XVIII,
990 3661 1015 3713 p.
1038 3643 1184 3701 stt—386.
1225 3645 1278 3700 nic
1304 3643 1393 3700 dieser
1419 3644 1462 3698 In·

220 3731 332 3787 atmctiu
349 3731 456 3788 etimmt
473 3731 529 3788 last
545 3730 667 3787 wbrtliclr
685 3731 795 3787 dbereiu
812 3731 937 3798 (Arelica
952 3731 1004 3788 tc.
1018 3731 1118 3788 dotas
1130 3730 1205 3788 Sedis
1215 3731 1264 3787 l.c.
1275 3747 1300 3800 p.
1311 3729 1463 3796 ace-am

220 3817 350 3874 emulans
368 3817 567 3889 mitgetheiltc)
584 3817 732 3876 Instructio
747 3817 782 3873 ad
800 3817 982 3884 Pantauchus,
1001 3817 1229 3888 nrmispucopos,
1247 3817 1395 3888 ltpiscopos
1413 3819 1463 3872 Ra·-

221 3910 309 3960 lnam
329 3908 533 3960 orientalium
552 3904 580 3960 in
601 3905 688 3960 causis
707 3904 951 3960 matrimonialibus
969 3904 1130 3968 adhibenda,
1148 3904 1262 3973 probata
1280 3905 1308 3959 in
1327 3903 1462 3976 congreg.

219 3990 341 4060 generali
365 3989 643 4046 Eminentissimornm
668 4008 698 4046 ac
725 3991 1014 4048 Reverendissimorum
1043 3989 1097 4046 ΡΡ.
1115 3991 1144 4046 in
1163 3991 1241 4046 rebus
1263 3990 1326 4046 fidei
1343 3989 1463 4060 Inquisi-

220 4081 309 4131 tornm
331 4075 520 4141 (teporalium,
540 4077 588 4134 ter.
607 4076 654 4132 1v.
679 4077 704 4132 d.
723 4077 766 4135 20.
784 4077 860 4133 Junii
881 4075 956 4133 1883.
991 4075 1074 4132 Bcidc
1098 4077 1298 4133 Instructlcncn
1319 4077 1462 4132 cuthalten

221 4162 347 4232 subrigens
368 4164 445 4218 nicht
468 4167 538 4219 otrra
556 4164 615 4218 eine
632 4163 692 4219 bles
710 4163 755 4219 idr
770 4163 814 4219 die
831 4163 1014 4219 betrcffeuden
1030 4163 1139 4220 Linder
1157 4162 1350 4235 maeegebendc
1369 4163 1463 4223 Norm,

220 4248 333 4302 scudem
351 4248 442 4304 bieten
459 4251 518 4304 cine
534 4250 712 4320 Darstellnng
730 4250 777 4306 dea
795 4253 1103 4321 pcmcinrecbtllcben
1118 4251 1319 4322 Ebeproceasca,
1338 4250 1389 4304 wie
1405 4249 1463 4305 der·

221 4333 294 4387 selba
311 4333 455 4389 basonders
473 4335 556 4390 durch
576 4335 620 4390 die
638 4333 823 4390 constitution
843 4335 987 4392 Benedicta
1006 4335 1079 4393 XIV.
1100 4337 1150 4391 Dei
1166 4336 1335 4392 miseratione
1347 4337 1402 4392 und
1419 4335 1464 4391 dis

221 4418 367 4472 Instructio
386 4419 412 4474 S.
432 4417 461 4474 G.
479 4419 591 4475 concilii
609 4421 634 4477 2.
647 4420 716 4491 Aug.
731 4421 799 4476 1840
815 4421 983 4491 icetgestcllt
1002 4422 1098 4477 wurde.
1123 4421 1212 4478 Usber
1228 4422 1272 4477 dic
1286 4421 1462 4492 ffinlnhruug

222 4501 269 4639 (ξιτ
284 4503 664 4642 Ἇῒοτέὶειιέγὶῖῐιεὶηεὺηπίοη
685 4523 736 4561 ron
755 4507 823 4562 1883
842 4507 870 4562 iu
891 4509 1043 4563 Praeterea
1062 4508 1116 4563 und
1137 4511 1243 4565 aaran
1261 4510 1315 4577 agl.
1339 4511 1463 4569 Archiv,
