3180 4778
157 251 269 323 Congu.
282 253 398 324 laquie.
412 252 457 308 13.
470 253 552 308 Muli
569 252 658 308 18⁶8:
678 252 768 308 incur.
790 254 831 308 od
848 253 935 322 prob.
956 252 1029 309 obli.
1047 254 1119 308 alic.
1137 254 1287 324 coniugia.
1329 235 1389 300 341

153 424 201 490 vel
224 425 329 502 etiam,
353 425 378 490 si
400 424 507 490 haberi
530 426 662 509 nequeat
684 425 723 490 ab
747 426 935 492 auctoritate
957 425 1177 504 ecclesiastica,
1196 444 1215 490 a
1237 424 1393 492 Gubernio

153 528 238 594 civili
260 529 318 594 loci
341 529 373 594 iu
398 547 468 612 quo,
490 531 526 595 ut
548 530 739 614 supponitur,
763 547 892 614 persona
914 528 1034 596 obierit.

256 634 286 698 8.
314 633 405 699 Porro
427 633 610 719 quandoque
634 633 692 699 hoc
714 634 931 700 documentum
956 633 1062 700 haberi
1084 633 1213 724 neqnit3
1236 651 1296 717 quo
1318 651 1391 698 casu

152 736 545 821 testium'depositionibus
567 738 768 822 supplendum
792 739 861 804 erit.
898 738 1006 804 Testes
1029 755 1099 804 vero
1121 737 1181 803 duo
1200 736 1310 803 saltem
1327 755 1393 804 esse

153 841 275 917 debent,
299 840 402 921 iurati,
424 840 484 908 fide
503 841 600 926 digni,
624 843 722 926 etqui
740 843 776 908 de
794 844 875 908 iacto
892 843 1012 928 proprio
1028 842 1189 927 deponant,
1210 839 1388 907 defunctum

151 945 367 1031 cognoverint,
399 964 434 1010 ac
469 945 533 1012 sint
563 947 644 1011 inter
677 967 709 1011 se
741 947 904 1012 concordes
933 947 1033 1031 quoad
1057 947 1176 1026 locam,
1205 947 1237 1014 et
1266 963 1390 1010 causam

151 1049 273 1130 obitus,
305 1049 443 1134 aliasque
466 1050 687 1116 substantiales
710 1051 968 1116 circumstantias.
1020 1049 1080 1132 Qui
1109 1051 1251 1135 insopor,
1279 1049 1305 1116 si
1334 1047 1389 1115 dc·

154 1153 251 1219 lancti
271 1153 432 1238 propinqui
456 1155 528 1230 sint,
554 1159 608 1220 aut
631 1155 704 1219 socii
728 1155 859 1232 itineris,
880 1155 1062 1233 industriae,
1087 1154 1244 1220 ueletiam
1261 1153 1391 1219 militiae

150 1277 186 1323 eo
208 1258 310 1344 magis
331 1257 456 1342 plurimi
480 1259 653 1324 faciendum
677 1260 736 1324 erit
763 1259 886 1325 illorum
910 1259 1132 1326 testimonium.

256 1361 285 1426 4.
311 1363 470 1429 Interdum
494 1382 573 1428 unus
595 1366 716 1429 tanturn
738 1364 828 1430 testis
849 1363 1070 1430 examinandus
1087 1363 1247 1447 reperitur,
1271 1364 1303 1429 et
1317 1363 1393 1429 licet

152 1467 191 1532 ab
215 1468 297 1533 omni
319 1468 385 1532 iure
408 1468 619 1532 testimonium
643 1469 732 1534 unius
753 1468 792 1532 ad
809 1468 897 1552 plene
915 1467 1104 1552 probandum
1121 1487 1179 1534 uon
1194 1467 1390 1546 admittatur,

151 1573 289 1636 attamen
314 1591 350 1636 ne
373 1571 482 1636 ooniur
497 1572 575 1636 alias
591 1573 715 1656 nuptias
730 1573 808 1637 inire
824 1575 998 1656 peroptans,
1022 1571 1119 1638 vitam
1135 1571 1284 1638 coelibem
1300 1591 1392 1657 agere

151 1677 290 1760 cogatur,
314 1676 409 1741 stiam
434 1676 524 1741 unius
547 1677 757 1742 testimonium
781 1678 920 1742 absolute
937 1695 996 1742 non
1014 1676 1130 1761 respuit
1146 1676 1296 1761 Suprema
1310 1675 1390 1743 Ocu-

150 1781 293 1864 gregatio
314 1778 347 1845 in
370 1779 550 1846 dirimendis
574 1781 749 1846 huiusmodi
774 1781 912 1860 casibus,
944 1781 1109 1847 dummodo
1142 1779 1195 1847 ille
1225 1779 1315 1846 testis
1344 1799 1391 1846 re·

150 1885 276 1952 censitis
308 1883 534 1951 conditionibus
570 1885 611 1952 eit
642 1885 816 1967 praeditus,
851 1885 928 1950 nulli
962 1885 1130 1970 exceptioni
1163 1885 1327 1964 obnoxius,
1356 1901 1392 1950 ac

151 1990 310 2073 praeterea
334 1989 399 2054 eius
416 1988 565 2072 depositio
580 1988 660 2069 aliis,
682 1989 889 2074 gravibusque
904 1989 1101 2056 adminiculis
1117 1988 1280 2066 inloiatnr;
1304 1987 1390 2073 siqne

151 2092 215 2158 alia
237 2093 408 2160 extrinseca
431 2093 621 2160 adminicula
637 2093 742 2177 colligi
758 2095 881 2159 omuino
896 2095 1058 2179 nequeant,
1080 2095 1137 2159 hoe
1151 2097 1256 2161 tamen
1272 2095 1390 2161 certum

152 2196 204 2276 sit,
229 2197 306 2263 nibil
328 2196 361 2262 in
384 2196 449 2264 eius
472 2197 650 2264 testimonio
671 2198 816 2283 reperiri,
840 2197 920 2283 quod
944 2218 1002 2265 non
1026 2199 1068 2265 eit
1089 2217 1276 2283 congruum,
1298 2199 1391 2284 atque

152 2300 274 2368 omnino
299 2300 474 2368 verisimile.

255 2407 286 2474 5.
316 2404 478 2492 Contingit
504 2406 600 2473 etiam
623 2407 658 2473 ut
681 2408 776 2473 testes
800 2407 974 2474 omnimoda
999 2407 1057 2472 fide
1079 2407 1168 2494 digni
1186 2406 1392 2474 testificentur

152 2529 185 2576 se
208 2513 346 2596 tempore
375 2529 434 2578 non
462 2513 603 2596 suspecto
633 2514 764 2579 mortem
795 2511 933 2594 coniugis
964 2529 1000 2577 ex
1030 2511 1160 2578 aliomm
1190 2511 1392 2578 attestatione

150 2614 316 2696 audiuisse,
338 2614 392 2681 isti
416 2616 520 2680 antem
544 2616 592 2681 vel
614 2615 687 2699 quia
709 2617 862 2694 absentes,
888 2612 935 2680 vel
957 2615 1030 2700 quia
1052 2615 1195 2693 obierint,
1223 2615 1271 2681 vel
1295 2614 1390 2682 aliam

149 2719 188 2786 ob
211 2737 435 2805 quamcumque
458 2719 674 2786 rationabilem
698 2738 821 2785 causam
839 2720 1005 2785 examinari
1022 2721 1196 2803 nequeunt;
1217 2721 1291 2784 tnnc
1306 2717 1392 2785 dicta

149 2843 185 2888 er
208 2822 307 2890 alieno
327 2841 389 2901 ore,
413 2825 565 2908 quatenus
587 2824 729 2890 omnibus
752 2824 823 2890 aliis
846 2823 877 2887 in
900 2841 975 2890 casu
994 2823 1246 2890 concurrentibus
1260 2823 1391 2889 circum·

150 2927 293 3007 stantiis,
325 2929 381 2992 aut
402 2927 512 2994 saltem
536 2927 764 3012 urgentioribus
785 2927 1006 3013 respondeant,
1038 2926 1115 2994 satis
1138 2947 1204 2996 esse
1226 2933 1391 2996 censentur

149 3050 203 3115 pro
224 3034 374 3117 sequutae
395 3032 503 3098 mortis
526 3031 669 3116 prodenti
690 3032 815 3100 iudicio.
885 3060 887 3064 ⁷

254 3137 283 3202 6.
307 3136 434 3214 Verum,
457 3136 540 3202 haud
559 3136 654 3203 semel
669 3137 856 3222 experientia
871 3139 1061 3222 compertum
1077 3137 1218 3214 habetur,
1239 3135 1320 3221 quod
1335 3154 1391 3202 nec

150 3259 229 3305 nnus
252 3239 373 3324 quidem
396 3239 567 3324 reperiatur
591 3241 679 3306 testis
701 3240 801 3326 qualis
824 3261 914 3326 supra
937 3241 1121 3306 adstruitur.
1174 3240 1240 3308 Hoc
1262 3241 1294 3304 in
1317 3258 1390 3306 casu

149 3344 289 3428 probatio
311 3344 413 3411 obitus
432 3365 467 3410 sr
485 3345 679 3426 coniecturis,
704 3346 1013 3430 praesumptionibus,
1035 3345 1165 3424 iudiciis,
1188 3349 1220 3411 et
1235 3343 1389 3411 adiunctis

44 3469 49 3480 ·
147 3449 400 3534 quibuscumque,
424 3449 531 3515 sedula
554 3451 636 3516 certe
659 3451 691 3516 et
706 3449 871 3516 admodum
888 3452 981 3516 canta
998 3449 1236 3536 investigatione
1254 3448 1389 3515 curanda

148 3555 225 3633 erit,
257 3554 303 3619 ita
327 3553 493 3632 nimirum,
525 3557 559 3618 ul
579 3553 718 3638 pluribus
742 3554 793 3619 bic
814 3552 885 3619 inde
908 3555 1065 3634 collectis,
1089 3573 1255 3640 eorumque
1277 3555 1389 3619 natura

147 3675 307 3742 perpensa,
330 3659 421 3742 prout
444 3657 563 3724 scilicet
582 3657 770 3744 urgentiora,
791 3657 839 3724 vel
859 3659 974 3724 leviora
994 3661 1078 3737 sunt,
1100 3675 1154 3724 seu
1170 3658 1318 3742 propiore,
1342 3657 1388 3722 vel

147 3760 311 3828 remotiore
334 3781 411 3827 nexu
435 3781 505 3828 cum
528 3762 658 3828 veritate
682 3762 791 3829 mortis
807 3763 1044 3847 coniunguntur,
1068 3761 1139 3828 inde
1156 3761 1316 3846 prudentis
1332 3761 1388 3826 viri

147 3865 295 3931 iudicium
316 3867 354 3931 ad
377 3867 517 3932 eamdem
542 3867 669 3933 mortem
695 3865 910 3933 affirmandam
930 3866 1153 3950 probabilitate
1169 3866 1311 3945 murima,
1334 3883 1388 3931 seu

148 3970 257 4036 morali
284 3969 470 4036 certitudine
492 3971 660 4054 permoveri
685 3971 792 4056 possit.
838 3969 1031 4056 Quapropter
1050 3970 1244 4056 quandonam
1269 3971 1300 4034 in
1323 3971 1387 4038 sin·

146 4073 230 4160 gulis
253 4075 375 4141 casibus
398 4075 550 4141 habeatur
568 4075 791 4142 cuicuiusmodi
807 4075 992 4142 coniecturis
1008 4075 1101 4140 simul
1116 4075 1287 4142 coniunctis
1306 4076 1389 4141 iusta

146 4178 303 4262 probatio,
326 4179 358 4245 id
381 4179 525 4264 prudenti
547 4179 778 4264 relinquendum
802 4179 851 4246 est
874 4179 985 4246 iudicis
1007 4179 1152 4256 arbitri03
1184 4179 1253 4245 heic
1281 4181 1387 4246 tamen

147 4303 207 4349 non
230 4283 285 4349 abs
307 4303 341 4349 re
363 4284 422 4350 erit
441 4285 545 4368 plures
568 4283 704 4349 indicare
723 4283 824 4350 fontes
838 4302 874 4350 er
888 4283 1001 4369 quibus
1015 4283 1088 4349 illae
1103 4283 1167 4349 sive
1183 4282 1386 4368 urgentiores,

146 4388 212 4454 sive
234 4388 329 4453 etiam
352 4389 482 4455 leviores
505 4389 621 4472 colligi,
644 4390 677 4454 et
697 4389 802 4454 haberi
826 4389 954 4472 possint.

250 4491 279 4556 7.
310 4491 419 4577 Itaque
447 4493 479 4560 iu
508 4492 614 4576 primis
644 4493 718 4560 illae
750 4491 1014 4577 praesumptiones
1044 4491 1277 4577 investigandae
1296 4492 1388 4558 erunt

146 4613 226 4679 quae
246 4615 408 4680 personam
430 4597 526 4683 ipsius
558 4598 667 4665 asserti
700 4597 837 4664 defuncti
869 4596 1054 4681 respiciant,
1084 4615 1221 4681 quaeque
1251 4594 1386 4680 proiecto
