3180 4778
221 213 286 281 390
389 231 525 298 Fretum,
542 231 607 288 Zur
626 230 801 288 Gcoehichlc
818 231 871 287 dee
890 231 1096 288 cunoaiacheri
1115 229 1300 287 Ehercchtco.

221 405 308 471 nicht
335 407 408 472 aher
434 405 487 470 der
515 403 741 489 Ungltubigen.
793 403 970 486 Stephanos
998 422 1054 469 von
1082 402 1216 468 Tournai
1252 402 1370 467 erhlait
1399 401 1452 468 das

221 511 334 576 honum
358 509 543 576 sacramenti
566 508 598 573 in
621 510 726 593 cignei
749 509 827 572 Art:
857 508 1107 585 Sacramentum,
1142 525 1178 571 ne
1208 507 1385 591 conjugium
1407 526 1452 570 se·

220 615 353 699 paretur.
392 612 480 680 Sicut
502 618 605 678 autern
629 612 802 697 conjunctio
818 612 955 696 conjugii
971 612 1096 678 aliaest
1111 610 1353 690 sacramentalis,
1376 629 1453 694 quae

221 718 257 783 fit
281 736 428 785 consensu
452 719 640 796 animorum,
672 717 734 781 alia
761 717 945 800 corporalis,
975 735 1053 800 quae
1080 715 1116 781 iit
1147 714 1360 780 commixtione
1390 733 1453 781 cor·

221 841 339 906 porum,
362 821 408 887 ita
426 823 458 887 ot
477 821 630 905 separatio
652 821 776 906 gemina
794 820 928 903 intelligi
949 822 1066 904 potest:
1090 819 1254 904 corporalis
1276 837 1355 904 quae
1371 819 1407 885 fit
1420 838 1453 884 er
1574 893 1575 910 ᾖ

221 925 376 992 communi
391 943 549 1002 consensu,
565 944 633 990 cum
650 927 777 1007 uterque
793 925 1014 990 continentiam
1032 928 1121 990 vovet
1138 924 1185 990 iel
1201 923 1453 1008 percontantium
1574 925 1575 982 i

221 1029 384 1108 ecclesiae,
414 1049 484 1095 cnm
508 1031 630 1112 propter
653 1028 884 1094 fornicationem
907 1029 987 1094 alter
1007 1029 1138 1094 alterurn
1160 1028 1302 1094 dimittit.
1347 1026 1453 1094 Sacra-

222 1133 364 1200 mentalis
394 1136 498 1200 autern
531 1132 682 1216 separatio
712 1151 866 1216 nunquam
894 1133 974 1198 inter
997 1133 1136 1218 legitime
1160 1133 1338 1216 conjunctos
1360 1132 1455 1198 inter·

221 1239 304 1304 venit
329 1238 387 1303 uisi
411 1241 466 1303 aut
486 1237 615 1302 alterius
639 1240 737 1302 morte
760 1237 997 1328 autlntrinsque
1019 1289 1026 1302 .
1051 1287 1057 1300 .
1083 1237 1260 1302 [letantem
1278 1237 1453 1320 conjuginm

222 1343 448 1409 sacramentum
473 1359 629 1426 magnum,
652 1345 687 1407 ut
709 1341 754 1407 ait
776 1341 952 1426 Apostolus,
975 1341 1005 1406 in
1030 1340 1153 1408 Christo
1176 1345 1208 1405 et
1230 1341 1369 1407 eeclesia.
1415 1340 1456 1406 Ut

222 1446 303 1512 enim
336 1447 417 1512 inter
446 1445 591 1530 conjuges
621 1446 668 1510 est
697 1445 869 1530 conjunctio
893 1445 1058 1510 secondum
1083 1463 1261 1510 eonsensum
1285 1446 1455 1510 animorum

221 1553 253 1617 et
272 1550 438 1618 secundum
462 1549 706 1634 conjunctionem
729 1568 905 1633 corporum,
936 1550 980 1615 sic
1002 1549 1131 1615 ecelesia
1150 1549 1274 1615 Christo
1295 1549 1457 1632 copulatur

222 1656 381 1720 voluntate
403 1656 435 1720 et
457 1657 586 1720 naturae
607 1653 843 1720 confirmitate.
869 1705 875 1719 .
903 1654 1003 1738 Hujus
1028 1655 1186 1737 utriusque
1210 1653 1335 1736 copulae
1356 1653 1457 1736 ligura
1574 1741 1575 1752 ἵ

222 1761 270 1826 est
284 1760 317 1824 iu
332 1759 484 1843 conjugio.
509 1759 680 1825 Oonsensus
697 1758 776 1823 enirn
793 1758 957 1843 conjugum
974 1759 1114 1841 copulam
1132 1757 1323 1841 spiritualem
1340 1757 1456 1823 Christi

222 1866 253 1928 ot
277 1862 431 1942 ecclesiae,
456 1881 535 1947 quae
550 1863 586 1928 tit
599 1880 652 1946 pei
667 1861 803 1946 ejusdem
822 1862 970 1928 eeclesiae
986 1863 1160 1944 caritatem,
1177 1862 1350 1947 significat:
1374 1881 1457 1926 coni-

222 1967 329 2032 mirtio
352 1985 421 2033 vero
447 1986 573 2032 seruum
596 1966 702 2042 illam,
724 1985 803 2051 quae
826 1966 862 2031 iit
885 1987 937 2050 per
962 1969 1090 2032 naturae
1113 1967 1378 2044 conformitatem,
1401 1965 1455 2031 de·
1574 2005 1575 2058 3

222 2071 337 2156 signat,
360 2071 422 2136 und
444 2071 548 2136 weiter
570 2070 710 2136 hemerlrt
732 2089 782 2136 er:
806 2071 886 2136 Nam
907 2072 1114 2138 substantiam
1130 2071 1255 2155 quidem
1270 2070 1456 2135 sacramenti
1574 2109 1575 2148 i

222 2196 282 2243 non
303 2175 513 2242 solemnitates
536 2175 662 2252 iaciunt,
687 2174 739 2240 sed
763 2194 927 2242 consensus
948 2175 985 2240 do
1006 2175 1158 2259 praesenti
1174 2193 1332 2259 expressus
1348 2193 1455 2240 secun·

222 2280 296 2345 dum
315 2281 399 2365 leges
421 2278 644 2346 ecclesiasticas
655 2281 689 2364 ¹).

326 2401 529 2482 Poucopotcu
552 2400 606 2466 hat
629 2401 686 2466 den
706 2402 818 2468 lrurzen
835 2401 924 2470 Satn:
951 2403 985 2466 ln
1001 2403 1202 2481 sacramento,
1227 2402 1263 2465 ut
1279 2401 1456 2484 conjugium
1574 2369 1575 2462 Ξ

220 2525 280 2571 non
303 2508 461 2589 separetur
483 2508 516 2570 ot
538 2505 682 2571 dimissus
706 2507 755 2571 vel
777 2504 904 2571 dimissa
935 2525 990 2570 nec
1012 2506 1107 2571 etiam
1131 2524 1224 2571 causa
1248 2506 1343 2589 prolis
1366 2505 1457 2570 alteri

221 2610 434 2694 conjungatur.
463 2609 696 2675 Sacramentum
719 2609 787 2674 ideo
812 2615 946 2686 vocatur,
969 2611 1043 2695 quia
1066 2609 1188 2694 signum
1210 2613 1259 2674 cat
1281 2629 1385 2674 sacrae
1403 2609 1457 2686 roi,

221 2715 279 2778 hoc
301 2718 349 2780 est
370 2713 583 2798 inseparabilis
608 2713 848 2798 conjunctionis,
880 2734 958 2798 quae
988 2716 1036 2779 est
1066 2715 1146 2780 inter
1170 2713 1328 2780 Christum
1351 2715 1382 2778 ct
1405 2733 1456 2778 ee·

220 2817 355 2884 alesiam.
389 2817 530 2884 Daneben
554 2818 650 2883 lronnt
672 2837 704 2882 er
727 2819 802 2882 noch
828 2817 940 2883 andere
964 2819 1043 2884 hona
1063 2819 1248 2883 sacramenti
1273 2818 1327 2883 wic
1347 2818 1459 2882 vitatio

220 2920 446 2998 fornicationis,
469 2921 608 2988 amicitia
629 2921 687 2987 riri
710 2923 742 2986 et
765 2920 917 2999 mulieris,
947 2942 1004 3006 par
1026 2923 1107 2988 inter
1129 2923 1268 2988 homines
1291 2921 1349 2986 sihi
1374 2922 1459 3004 prius

221 3025 375 3092 hostiliter
397 3025 594 3092 adversantes
604 3025 640 3105 Ι).
683 3026 847 3093 Rotundus
878 3028 985 3092 macht
1015 3027 1047 3091 in
1078 3027 1181 3092 seineu
1210 3026 1379 3093 Sentenzen
1408 3027 1459 3090 dia

221 3130 436 3215 something,
467 3129 538 3196 dass
568 3130 618 3194 die
642 3129 800 3196 institutio
823 3130 916 3214 hujus
939 3132 1123 3196 sacramenti
1146 3131 1189 3196 im
1214 3131 1376 3197 Paradiese
1399 3150 1460 3197 von
1574 3163 1575 3232 ἐ

221 3233 296 3300 ocii
320 3233 492 3318 geschehen
514 3235 568 3300 sei.
599 3233 664 3300 Aue
688 3235 742 3300 der
766 3235 944 3301 Auctoritat
966 3236 1020 3300 des
1036 3235 1170 3314 stillare,
1195 3255 1249 3302 aus
1265 3236 1318 3301 der
1335 3235 1461 3319 Heilig·
1574 3263 1575 3322 p

221 3339 287 3404 licii
316 3338 369 3403 des
396 3337 504 3416 Ortus,
536 3357 579 3404 uo
607 3338 657 3404 die
685 3337 826 3423 Stiltung
849 3340 1003 3405 stattland
1035 3341 1095 3404 und
1120 3359 1174 3404 aus
1198 3341 1266 3404 ilem
1291 3339 1380 3405 Alter
1404 3339 1461 3404 der
1574 3325 1575 3352 ¹

220 3443 289 3508 Zeit
318 3443 455 3508 bemesso
483 3443 549 3508 sich
572 3443 621 3508 die
646 3443 760 3508 Whrde
791 3445 844 3509 cles
872 3443 1094 3510 Sacramentes.
1144 3444 1204 3509 Das
1233 3444 1458 3528 Mensehenge·

220 3546 360 3613 schleeht
382 3547 425 3613 sei
449 3565 504 3612 von
529 3545 606 3612 Gott
628 3546 757 3613 deshalh
784 3547 975 3630 gemmifer,
1007 3549 1105 3613 demit
1128 3568 1183 3614 aus
1206 3549 1382 3614 deinselben
1408 3549 1460 3612 clia

222 3651 298 3716 Zahl
325 3651 379 3716 der
409 3651 580 3734 gelallenon
610 3651 704 3736 linget
730 3647 844 3718 areatat
866 3653 964 3717 werde
996 3653 1057 3718 und
1086 3653 1228 3718 letzteres
1259 3659 1337 3718 aare
1371 3653 1461 3717 nicht

222 3756 366 3840 moglich‚
391 3775 474 3820 nonu
498 3755 584 3821 nicht
606 3756 704 3822 dieses
727 3755 909 3822 Sacrament
931 3757 1101 3841 cingesetzt
1125 3757 1243 3822 worden
1268 3761 1391 3839 uare³).
1421 3759 1462 3822 Er

222 3861 278 3926 nai
298 3860 349 3926 oie
373 3858 539 3925 neiiiiiii
562 3863 787 3926 sacramentum
805 3865 852 3925 isi
870 3861 989 3926 iiiiiiii
1005 3865 1126 3945 signum
1145 3861 1309 3927 revisionis
1325 3863 1459 3945 gratiae.
1574 3843 1575 3914 l

222 3965 312 4031 Diese
336 3965 503 4030 Definition
526 3967 612 4048 passt
635 3965 712 4030 auch
736 3965 793 4030 aui
812 3965 861 4030 ‹lie
883 3965 965 4030 Ehe:
990 3967 1024 4030 ln
1042 3969 1235 4030 sacramento
1249 3985 1368 4050 quoque
1383 3986 1461 4030 coii-

217 4068 299 4152 jngii
322 4072 369 4134 est
390 4068 510 4134 risibile
533 4067 669 4152 signum,
703 4069 769 4152 ipsa
797 4069 963 4153 corporalis
992 4071 1184 4153 conjunctio,
1213 4088 1271 4154 quo
1298 4073 1346 4134 est
1375 4071 1461 4133 inter

222 4172 515 4251 vimmacensem,
539 4171 623 4239 illius
640 4173 803 4240 invisibilis
819 4173 1040 4257 conjunctionis
1057 4194 1114 4259 quc
1133 4177 1181 4239 est
1198 4175 1279 4239 inter
1296 4174 1459 4238 Christum

327 4397 352 4464 l)
371 4399 499 4464 Seruilia,
518 4401 627 4455 Summa
645 4399 776 4469 Stephani
795 4401 846 4454 232
865 4401 915 4471 fg„
933 4402 992 4458 236.

325 4481 352 4548 2)
371 4483 499 4550 Scholia,
518 4485 627 4540 Summa
645 4487 813 4555 Paucapalea
832 4488 889 4542 115.

326 4564 353 4633 3)
372 4567 461 4634 aicit,
481 4569 532 4625 Die
549 4571 697 4627 Sentenaen
714 4572 835 4629 Rolands
853 4574 904 4629 270
920 4575 957 4645 lg.
