3178 4786
207 189 272 254 474
331 207 422 264 Poea.
441 226 488 280 ap.
509 215 605 268 claua.
624 217 760 268 »ramata
778 213 964 279 scandalon
982 214 1018 268 de
1037 214 1129 268 modo
1146 229 1325 268 usurarum

208 382 372 448 Missurum
397 383 550 450 solemnia·
567 383 687 468 publice
708 383 907 450 denuntietur
939 385 1169 450 matrimonium
1202 385 1281 450 inter
1307 388 1445 450 oratores

207 486 460 570 contrabendum,
485 489 531 554 vel
555 491 590 554 ut
610 491 746 554 oratores
762 492 816 554 aut
831 488 981 554 alteruter
997 509 1099 555 eorum
1117 491 1188 555 aute
1204 490 1446 574 dispensationis

208 592 414 658 executionem
439 611 495 658 sua
518 594 644 677 peccata
665 593 873 660 confiteatur?

418 715 453 781 B.
487 715 697 798 Rescriptum.

310 836 404 903 Sacra
433 837 690 914 Paenitentiarie,
727 839 848 903 mature
880 838 1081 903 consideratis
1111 837 1271 922 expositis,
1306 839 1379 905 llen.
1413 839 1446 902 in

208 940 331 1006 Gbristo
354 941 439 1005 Patri
464 941 698 1025 archiepiscopo
722 943 823 1006 N...
848 943 1030 1025 respondet:

311 1045 547 1128 Separotiorrem
565 1048 728 1129 praeferri
749 1047 825 1112 aliis
847 1047 950 1113 modis
979 1048 1192 1129 reparationis
1221 1047 1386 1128 scandali,-
1415 1051 1449 1113 si

208 1150 284 1214 leaeo
303 1151 376 1231 fieri
397 1157 536 1233 nequeat,
559 1150 744 1216 scandulum
764 1173 830 1218 esse
843 1153 1070 1235 reparandum,
1091 1152 1147 1218 sed
1160 1151 1450 1217 raodamscaadali

210 1254 385 1334 reparandi
404 1255 521 1320 remitti
539 1255 689 1337 praedouli
710 1257 841 1321 arbitrio
864 1263 892 1322 et
914 1259 1117 1323 eoascieretiae
1139 1256 1325 1332 Ordiucrii,
1349 1259 1449 1338 jueta

209 1356 355 1438 cepasque
373 1377 465 1424 cusas
486 1359 667 1442 eaipeatias.
712 1358 796 1426 (lasa
825 1381 884 1442 pao
914 1362 1030 1427 omissa
1059 1363 1101 1428 sit
1123 1360 1282 1442 soporatio
1304 1367 1332 1424 et
1352 1379 1448 1425 scea-

207 1459 316 1524 dolam
336 1461 400 1527 alio
420 1463 510 1528 amalo
531 1469 730 1544 reparatum,
754 1466 950 1546 aequmscat5
984 1485 1087 1544 secus,
1118 1466 1147 1530 si
1176 1465 1282 1546 aliquo
1308 1463 1342 1527 in
1370 1483 1451 1527 casa

207 1565 355 1630 scandali
368 1568 598 1648 reparationem
613 1567 759 1644 omues,
782 1568 884 1646 sileat,
904 1577 932 1634 et
947 1571 981 1634 in
994 1577 1151 1651 posteram
1164 1571 1286 1634 cautim
1300 1589 1334 1632 se
1345 1573 1447 1651 perui.

314 1669 428 1736 Datum
455 1671 577 1749 Romae,
601 1669 632 1736 in
654 1670 750 1737 Sacra
772 1673 1024 1751 Poenilmtiaria,
1048 1673 1097 1737 die
1123 1675 1171 1736 12.
1197 1671 1311 1754 Aprilis
1335 1671 1430 1736 1889.

893 1778 1215 1855 meorumnam,
1243 1775 1273 1840 P.
1299 1775 1342 1843 td.

306 1913 332 1967 4.
359 1911 465 1970 Decret.
483 1932 504 1968 s.
526 1915 630 1972 Poenit.
649 1920 734 1984 apost.
754 1916 779 1971 cl.
799 1915 840 1971 18.
861 1917 946 1986 April.
966 1917 1033 1972 1889
1052 1915 1084 1972 (le
1103 1916 1181 1972 rnodo
1200 1930 1347 1972 usurarum.

419 2019 454 2084 Α.
489 2021 695 2104 Supplicotio.

522 2143 771 2210 Eminentissime
795 2144 949 2226 Princeps.

313 2259 531 2346 Intraseriptus
547 2267 715 2351 Episcopus
732 2266 894 2332 Massicen.
912 2267 943 2332 et
960 2265 1123 2344 Potentia,
1146 2265 1334 2332 instantibus
1350 2263 1450 2347 pluri·

211 2363 269 2426 bus
292 2383 363 2429 suae
387 2366 556 2435 dioeceseos
579 2371 773 2437 couleeeariis
787 2373 820 2436 et
834 2369 985 2446 fidelibus,
1009 2369 1236 2452 sapientissimo
1253 2367 1450 2433 Eminentius

215 2465 340 2534 Vestrae
363 2470 479 2553 judicio
503 2473 660 2542 humiliter
691 2476 830 2560 proponit
857 2493 979 2551 casum,
1009 2475 1039 2538 iu
1071 2474 1154 2541 bisce
1186 2473 1360 2560 regionibus
1389 2473 1448 2536 tre·

210 2570 418 2654 questionem,
451 2594 561 2642 usurae
595 2580 663 2645 octo
698 2579 745 2644 rel
778 2579 882 2644 decem
916 2597 969 2661 pro
997 2580 1139 2658 centum,
1171 2597 1250 2661 quse
1279 2575 1450 2660 percipitur

211 2673 306 2740 eliam
328 2694 347 2741 a
370 2677 457 2744 bonis
480 2680 674 2760 christianis,
710 2686 834 2767 propter
867 2683 985 2748 lucrum
1019 2681 1083 2747 lere
1112 2681 1271 2766 aequalem
1301 2679 1381 2763 quod
1411 2699 1450 2744 ex

213 2777 326 2844 eisdem
358 2783 493 2863 pecuniis
527 2786 749 2869 perciperetur,
783 2787 808 2850 si
841 2785 1061 2851 recentioribus
1090 2784 1307 2850 nummulariis
1336 2785 1453 2848 mensis
1587 2807 1588 2828 1

211 2883 486 2952 committerentur.
536 2890 677 2956 Addatur
705 2893 864 2974 praeterea
895 2891 976 2974 quod
1012 2889 1171 2973 praedicta
1203 2907 1296 2954 usura
1326 2888 1452 2972 saepius

213 2987 399 3070 percipietur
428 2991 553 3076 dempta
584 2997 654 3060 laxa
681 2995 807 3060 diuitiae
839 2994 961 3060 mobilis
990 2994 1130 3080 (aalma
1151 2993 1343 3078 mobilitresl
1370 3011 1452 3075 quae

212 3092 336 3175 proinde
360 3113 378 3160 a
401 3097 562 3164 mutuante
586 3098 728 3177 solvitur,
758 3099 796 3164 ob
824 3101 940 3164 metum
967 3099 1071 3182 gravis
1095 3099 1230 3163 mulctae
1257 3095 1452 3180 pecuniariae

212 3197 261 3262 cui
283 3198 407 3264 subesse
429 3199 555 3268 deberet
576 3203 725 3281 creditor,
760 3222 833 3267 casu
868 3222 926 3268 uon
961 3203 1157 3286 improbabili
1190 3201 1269 3286 quod
1302 3200 1454 3266 schedula
1586 3269 1587 3272 ,

212 3301 376 3368 creditoris
399 3305 429 3368 in
453 3305 553 3370 lucem
575 3307 802 3390 produceretur,
829 3308 855 3372 si
876 3306 915 3370 ad
938 3306 1176 3390 recuperandam
1199 3305 1359 3389 pecuniam
1384 3323 1454 3368 cre·

213 3406 294 3471 ditor
323 3407 499 3491 judicialem
527 3411 704 3476 institueret
727 3413 890 3478 actionem.
935 3411 1021 3476 Unde
1045 3411 1083 3476 ad
1107 3409 1314 3478 conscientiae
1335 3407 1454 3476 secari·

212 3511 310 3576 talam
333 3513 435 3580 orator
455 3513 582 3598 hujusce
602 3513 689 3582 Sacri
708 3515 885 3582 Tribunalis
909 3515 1066 3580 oraculum
1088 3515 1241 3599 implorat.

422 3643 457 3708 n.
492 3645 698 3726 capesce

316 3761 411 3829 Sacra
427 3765 677 3845 Paenitentiaria,
700 3769 821 3832 mature
836 3766 1037 3833 consideretis
1052 3767 1206 3850 expositis,
1227 3765 1266 3832 ad
1282 3767 1455 3850 praemissa

215 3867 393 3951 respondet:

315 3972 416 4053 Quum
441 3973 558 4038 tructus
582 3975 727 4058 pecuniae
749 3997 802 4060 per
826 3977 949 4042 modum
971 3975 1096 4060 regulae
1119 3980 1224 4042 taxare
1247 3974 1454 4058 periculosum
1584 4037 1585 4040 ,

213 4076 265 4154 sit,
291 4077 481 4142 Venerabilis
503 4079 534 4144 in
557 4079 681 4146 Obristo
706 4082 797 4147 Pater
821 4082 988 4166 Episcopus
1010 4081 1113 4146 orator
1133 4081 1165 4144 in
1181 4079 1312 4164 singulis
1328 4080 1456 4144 casibus

214 4197 276 4242 rem
300 4179 446 4247 decerem
459 4183 557 4264 jacta
573 4187 707 4266 prosim
727 4205 914 4252 commanem
936 4193 1095 4252 semotam
1111 4185 1151 4250 nb
1166 4183 1346 4250 bominibus
1361 4183 1455 4250 mmo

214 4289 303 4348 ratae
324 4286 527 4351 waceieata‘ae
549 4290 727 4370 repectivis
753 4293 789 4356 irs
811 4291 889 4358 lucia
910 4297 939 4357 er
960 4291 1157 4373 temporibus.

319 4384 431 4452 Datum
457 4389 581 4468 Romae,
603 4392 634 4456 in
655 4392 750 4459 Sacra
771 4395 1024 4474 Paenitentiaria,
1048 4394 1097 4459 die
1122 4395 1170 4459 18.
1194 4392 1313 4477 Aprilis
1334 4391 1430 4458 1889.

848 4499 885 4565 R.
908 4498 1000 4565 ilerd.
1025 4499 1172 4577 Menace,
1196 4497 1231 4565 P.
1254 4497 1297 4562 M.

774 4602 810 4668 P.
832 4603 1004 4686 macbette',
1025 4601 1059 4672 S.
1082 4603 1117 4672 P.
1140 4601 1347 4670 Substitutus.
