3208 4768
240 179 350 254 compr.
369 198 392 238 n.
411 181 468 252 Off.
488 183 532 238 17.
550 180 626 240 dun.
644 181 718 238 1891
735 183 773 238 de
794 183 925 238 absolut.
944 198 963 236 n
984 195 1046 237 eus.
1062 197 1085 236 a.
1103 181 1176 238 Sedt
1194 195 1308 236 resero.
1354 161 1412 228 18?

169 357 316 422 tractum.
351 354 420 421 Nou
441 356 489 420 est
511 354 632 420 sanatio
655 353 746 437 primi
770 354 970 433 matrimonii,
994 355 1052 420 boo
1074 371 1133 420 non
1155 352 1333 422 desiderant
1355 373 1412 420 neo

168 460 376 526 communiter
398 459 542 544 possibile
565 461 621 524 est.

379 564 415 632 B.
439 601 480 612 -
501 563 707 646 Responsum.

462 667 552 734 Faria
573 667 628 746 lv,
652 668 702 734 die
722 667 773 734 20.
798 667 905 734 Martii
931 667 1024 735 1880.

271 771 303 839 8.
326 771 357 839 0.
383 771 413 840 8.
434 771 547 851 Ollioii,
571 773 744 838 examinato
766 773 972 856 suprascripto
995 772 1090 839 dnbio
1111 774 1144 838 et
1166 771 1323 856 perpensis
1345 789 1410 836 om·

169 877 258 942 nibus
277 877 406 961 expositi
422 876 495 942 laeti
512 877 765 956 circumstantiis,
790 877 1033 962 respondendnm
1057 877 1209 944 decreritz
1234 875 1412 943 Dummodo

165 1003 224 1063 per
244 1002 428 1064 processum
453 983 565 1049 unbem
584 981 854 1066 entrajadieiaiem
876 989 958 1048 serto
980 987 1096 1048 emutat
1116 982 1156 1048 de
1174 980 1319 1047 nullitate
1340 1001 1410 1045 mn·

167 1085 312 1152 trimamii
340 1086 377 1152 ob
403 1086 618 1170 praeexistens
645 1086 800 1153 dirimens
821 1087 1073 1169 impedimentum
1095 1085 1249 1152 euidenter
1271 1105 1411 1167 oonrpra·

170 1191 284 1267 batum,
304 1190 455 1275 nepatioe.

272 1293 386 1362 SSmus
409 1295 447 1360 D.
470 1293 510 1361 N.
535 1294 594 1361 beo
620 1295 680 1364 PP.
705 1295 794 1361 Xlll.
818 1295 1035 1362 resolutionem
1059 1294 1090 1362 8.
1113 1293 1148 1361 0.
1171 1293 1363 1377 adprobavit.

620 1400 655 1468 J.
680 1400 839 1479 Monstri,
863 1397 894 1467 8.
919 1399 956 1468 R.
979 1402 1012 1465 et
1032 1399 1121 1466 Unir.
1148 1399 1173 1464 1.
1197 1398 1306 1466 Notas.

507 1569 538 1634 3.
575 1565 666 1632 Dear.
689 1565 764 1632 dd.
787 1571 840 1632 26.
864 1565 956 1633 Febr.
978 1571 1074 1635 1890.

453 1703 660 1786 Dispensniio
679 1703 719 1770 ab
742 1703 931 1771 metuentia
953 1711 982 1772 et
994 1704 1125 1789 jejunio.

376 1844 414 1908 Δ.
438 1880 480 1892 -
503 1844 715 1927 Quaestionem

272 1963 382 2030 Utrum
413 1983 467 2048 per
489 1965 651 2032 lndnltum
678 1965 890 2049 Apostolienm
923 1966 1096 2030 ministerio
1126 1964 1411 2051 811011ᾳυί-

165 2067 287 2134 sitionis
311 2068 360 2134 lio
383 2070 435 2138 30.
452 2069 595 2136 Jannarii
616 2069 688 2134 anni
704 2069 855 2134 narrentis
871 2069 979 2147 latum,
1002 2089 1062 2154 quo
1083 2069 1255 2136 Ordinnriis
1276 2063 1411 2134 facultas

165 2173 372 2238 committitur
390 2174 527 2240 solvendi
552 2174 655 2240 fideles
674 2194 693 2239 a
715 2173 784 2257 lege
806 2173 1014 2239 abstinentiae
1033 2177 1066 2239 et
1078 2173 1198 2258 jejunii,
1222 2174 1346 2240 sublata
1369 2174 1411 2238 sit

164 2277 262 2343 etiarn
285 2277 452 2362 prohibitio
475 2277 512 2344 de
536 2296 594 2343 non
618 2276 782 2344 misnendis
805 2278 906 2344 oibist

375 2382 410 2448 B.
434 2417 477 2432 -
501 2383 708 2465 Responsum.

462 2486 549 2551 l'eria
568 2486 620 2565 lv,
642 2486 691 2552 die
707 2487 759 2554 26.
778 2485 937 2552 Februarii
955 2486 1048 2552 1800.

269 2589 338 2656 11ιηί
367 2593 399 2656 et
427 2590 497 2656 limi
528 2590 587 2658 PP.
618 2591 686 2676 lnq.
717 2589 959 2674 responderunt:
992 2591 1157 2674 Nequtioe,
1188 2590 1246 2656 sed
1275 2597 1409 2673 tempore

164 2695 425 2778 quadragesimae
453 2701 482 2762 et
509 2696 699 2778 jejuniorum
729 2696 820 2775 infra
850 2715 985 2773 nauum,
1013 2695 1208 2777 prohibitam
1238 2715 1304 2761 esse
1330 2715 1408 2777 pro·

163 2800 372 2866 minoritatem
409 2799 547 2865 oiborum
584 2801 746 2866 vetitorum
781 2798 877 2864 simrd
915 2804 945 2864 et
974 2801 1201 2881 permissorum
1236 2801 1270 2864 in
1301 2797 1409 2865 eudem

165 2903 356 2968 comentem.

196 3053 228 3116 4.
262 3048 357 3118 Deer.
381 3049 457 3116 d.d.
482 3055 534 3116 17.
558 3052 653 3118 Jeme·
675 3055 762 3119 1891
783 3052 823 3118 de
845 3050 1039 3118 mmmmm
1059 3071 1082 3117 u
1103 3052 1228 3118 msibue
1248 3071 1275 3117 s.
1299 3049 1376 3118 sedi

697 3158 876 3223 reservatis.

164 3272 354 3330 Ordinariatus
372 3273 521 3330 Bririensls
539 3275 606 3332 haee
624 3275 706 3334 dubia
723 3279 794 3332 eirea
811 3277 948 3334 denrstnm
963 3293 987 3361 ¹s.
1002 3275 1105 3348 laquis.
1124 3276 1150 3333 (1.
1160 3276 1186 3332 el.
1198 3277 1239 3334 so.
1252 3275 1329 3332 lunii
1342 3273 1410 3331 1888

165 3361 292 3429 (Arenio
311 3361 396 3416 LVII.
414 3359 476 3432 080)
494 3378 516 3418 s.
535 3360 747 3434 congregationi
765 3363 888 3420 subiecit.
924 3363 1043 3433 Quorum
1061 3363 1201 3420 dubiorum
1218 3363 1233 3418 1
1255 3364 1284 3418 et
1301 3361 1330 3417 11
1349 3377 1410 3416 sen·

162 3449 253 3504 tentia
269 3463 338 3504 noro
361 3449 467 3506 decreto
486 3467 538 3505 non
555 3450 705 3521 approbata
722 3467 830 3506 eausam
849 3451 946 3516 dabat,
968 3467 1048 3522 quarn
1073 3450 1118 3506 Dr.
1143 3453 1264 3506 l’rnner
1281 3449 1310 3504 in
1328 3449 1408 3519 ephe·

410 3536 521 3592 meridie
539 3537 653 3592 mustos
668 3537 770 3593 bonus«
789 3553 814 3593 a.
834 3537 901 3594 1800
918 3555 943 3607 p.
963 3537 1013 3593 231
1030 3536 1159 3607 exposuit.

476 3658 662 3725 Beatissimo
685 3660 795 3727 Pater!

267 3780 299 3848 8.
314 3779 521 3864 congregatio
537 3781 752 3867 Inquisitionis
768 3783 824 3848 sub
840 3782 890 3847 die
903 3783 954 3848 30.
968 3780 1057 3847 Junii
1073 3781 1155 3847 1886
1167 3781 1205 3847 ad
1218 3782 1407 3864 quaesitum:

269 3884 294 3948 l.
326 3883 436 3950 Utrum
467 3887 538 3951 tuto
568 3885 669 3952 adhue
692 3888 791 3952 teneri
812 3886 910 3970 possit
933 3885 1090 3951 sententia
1113 3886 1224 3952 doceris
1247 3885 1285 3951 ad
1308 3886 1407 3970 Iipnm

163 3991 219 4053 aut
236 3985 274 4053 ad
291 3988 461 4072 quemlibet
475 3991 665 4056 sacerdotem
683 3991 887 4076 approbatum
904 3989 1023 4056 devolvi
1040 3990 1263 4058 absolutionem
1280 4009 1407 4055 casuum

162 4095 194 4158 et
223 4111 442 4173 censurarum,
473 4095 568 4160 etiam
601 4094 727 4179 speciali
759 4095 847 4160 modo
878 4096 981 4180 Papae
1011 4098 1254 4173 reseratorum,
1287 4095 1408 4178 qnando

162 4197 323 4282 poenitens
347 4200 488 4263 uersatur
510 4199 542 4264 in
564 4198 819 4282 impossibilitate
844 4199 1046 4284 personaliter
1068 4198 1201 4265 adeundi
1222 4199 1253 4266 8.
1275 4197 1409 4265 Sedens?

266 4301 308 4366 ll.
341 4302 501 4383 Quatenus
524 4303 678 4387 negative,
703 4306 806 4369 utrum
829 4303 1048 4370 recurrendum
1071 4303 1122 4380 sit,
1146 4303 1257 4369 saltem
1281 4323 1335 4388 per
1351 4303 1406 4368 lit·

160 4409 256 4484 teras,
281 4405 319 4470 ad
340 4405 464 4471 Eurum.
484 4405 574 4474 earn.
592 4407 741 4490 Majorem
760 4407 1035 4474 Poenitentiarium
1052 4427 1105 4492 pro
1120 4409 1261 4474 omnibus
1285 4407 1407 4472 ensibus

164 4512 266 4596 Papae
291 4509 472 4590 reservatis,
501 4509 558 4576 nisi
582 4511 667 4596 llpus
689 4511 803 4580 babeat
826 4512 960 4597 speciale
983 4512 1160 4591 indultum,
1190 4515 1406 4598 praeterquam
