3208 4768
203 137 261 205 188
306 155 416 228 conpr.
435 173 457 212 s.
478 155 533 227 Off.
554 158 598 212 17.
616 157 690 216 Jran.
710 159 782 214 1891
801 160 837 215 de
859 159 992 234 absolvat.
1009 176 1028 214 a
1049 173 1110 213 cas.
1127 174 1149 212 a.
1167 157 1239 214 Sedt
1257 173 1371 214 resena

198 329 229 394 in
251 327 382 394 articulo
405 327 522 406 mortis,
547 328 585 396 ad
609 329 807 396 obtinendam
825 330 1002 397 absolvendi
1021 329 1225 396 facultatem?
1251 329 1439 412 Responsum

199 433 284 498 dedit
307 452 326 497 a
350 433 435 516 Papa
458 435 660 518 approbatum
685 437 716 499 et
739 435 964 501 confirmatum.

302 537 349 602 Ad
373 538 397 604 l.
432 539 561 603 Attente
591 539 675 621 praxi
705 537 736 604 S.
765 539 1041 616 Poenitentiarlae‚
1071 541 1252 623 praesertim
1283 540 1321 602 ab
1353 539 1440 603 edita

198 641 301 706 Const.
320 644 427 724 Apost.
446 661 507 709 sac.
524 662 616 707 mem.
634 643 680 708 Pii
700 643 761 712 PP.
779 643 845 723 lX.‚
862 663 940 728 quae
956 643 1066 728 incipit
1084 643 1301 730 »spostolicae
1318 643 1434 719 Sedis«

198 747 350 830 negative.
377 783 385 798 =

299 850 348 916 Ad
371 851 410 917 ll.
444 850 652 928 affirmativa
677 855 711 918 at
734 853 764 917 in
787 852 908 918 casibus
933 853 1170 934 urgentioribus,
1191 853 1224 918 in
1247 853 1358 936 quibus
1383 853 1438 918 ab·

197 957 308 1022 solutio
332 955 447 1021 differri
472 959 604 1040 nequeat
627 957 741 1040 absque
765 956 900 1040 periculo
923 957 1026 1042 gravis
1049 957 1188 1024 scandali
1209 957 1257 1022 vel
1280 957 1439 1032 infamiae,

196 1079 370 1144 supraque
393 1061 646 1127 confessariorum
671 1063 858 1128 conscientia
880 1067 1042 1138 oneratur,
1068 1062 1137 1128 dari
1161 1081 1248 1146 posse
1270 1063 1439 1130 absolutio·

196 1185 281 1243 nem,
311 1164 458 1248 injunctis
482 1165 609 1249 dejure
633 1166 845 1250 injungendis,
878 1187 896 1230 a
924 1167 1059 1231 censuris
1083 1168 1177 1230 etiam
1200 1167 1324 1250 speciali
1350 1166 1439 1232 modo

196 1269 322 1336 Summo
344 1269 486 1334 Pontifici
511 1271 684 1348 reservatis,
707 1271 764 1338 snb
788 1289 883 1354 posue
908 1276 1010 1336 tamen
1030 1271 1250 1336 reincidentiae
1267 1272 1296 1335 in
1315 1270 1439 1336 easdem

196 1393 359 1451 cernemus,
387 1374 447 1440 uisi
478 1375 590 1440 saltem
621 1374 702 1440 infra
731 1394 865 1440 mensem
898 1395 951 1459 per
981 1376 1143 1456 epistolem
1171 1378 1204 1441 et
1227 1394 1280 1459 per
1302 1375 1436 1438 medium

196 1477 372 1543 confessarii
395 1478 554 1543 absolutus
578 1483 717 1543 recurrat
740 1480 776 1545 ad
798 1479 829 1546 S.
852 1479 972 1545 Sedens.

299 1583 399 1664 Qunrn
432 1603 501 1648 vero
532 1585 612 1648 inter
642 1585 780 1649 ‹roecores
813 1585 850 1647 de
885 1585 969 1648 bisce
1005 1584 1157 1666 responsis
1192 1584 1286 1648 dubia
1323 1583 1439 1646 inerint

196 1689 309 1765 exorta,
335 1687 365 1754 S.
387 1687 624 1772 Congregetloni
650 1688 863 1771 inquisitionis
886 1689 1045 1772 sequentia
1068 1690 1107 1754 ad
1132 1689 1345 1754 resolvendum,
1368 1707 1435 1770 pro-

196 1796 368 1874 ponuntur:

297 1897 322 1962 Ι.
355 1897 466 1963 Utrum
488 1915 664 1979 responsum
690 1896 728 1960 ad
753 1896 775 1961 l.
800 1897 903 1961 valeat
921 1897 1014 1960 etiarn
1036 1917 1089 1979 pro
1105 1916 1176 1961 casn
1193 1897 1316 1982 quando
1334 1897 1437 1978 poeni·

196 2006 263 2066 lens
286 2001 379 2068 luerit
395 2008 547 2084 perpetuo
570 2001 738 2084 impeditus
761 2002 962 2084 personaliter
991 2001 1116 2066 Romam
1141 2001 1319 2086 proficisci?

296 2105 338 2173 ΙΙ.
379 2106 488 2171 Utrmn
521 2108 552 2170 in
586 2124 729 2189 responso
762 2105 800 2169 ad
834 2105 876 2171 ll.
912 2107 1053 2171 clausula
1091 2107 1165 2168 »sub
1202 2125 1297 2188 poena
1332 2109 1437 2170 tamen

195 2209 414 2274 reincidentias
444 2210 474 2273 in
505 2209 626 2274 easdem
659 2227 803 2274 censuras
827 2211 905 2276 etc«
931 2209 1083 2275 referatur
1105 2209 1295 2274 solummodo
1318 2208 1356 2273 ad
1382 2210 1437 2272 ab·

191 2314 374 2378 solutionem
397 2334 414 2378 a
438 2314 573 2380 censuris
597 2317 626 2379 et
651 2315 772 2379 casibus
793 2315 924 2396 speciali
948 2315 1036 2380 modo
1059 2311 1090 2380 S.
1117 2315 1149 2381 P.
1178 2313 1362 2390 reservatis,
1394 2332 1434 2377 an

195 2418 352 2482 etiamad
377 2418 801 2484 absolutionemacensuris
832 2423 863 2483 et
897 2419 1019 2484 casibus
1047 2418 1230 2502 simpliciter
1262 2420 1363 2502 Papae
1390 2437 1437 2482 re·

195 2522 353 2588 servatis?
397 2522 563 2603 Quaeritur
587 2523 717 2606 deniqne
740 2559 784 2570 —

298 2627 355 2693 lll.
389 2627 498 2692 Utrum
536 2630 675 2692 auctores
709 2629 846 2693 moderni
880 2627 948 2710 post
979 2627 1083 2692 Gonst.
1124 2627 1318 2710 Apostolieae
1350 2624 1438 2690 Sedis

194 2731 316 2814 (contra
336 2731 386 2814 jus
409 2751 579 2806 commuue,
604 2732 675 2814 Cap.
696 2731 753 2797 Eos
769 2733 821 2815 qui
839 2733 890 2800 22,
908 2731 945 2796 de
960 2734 1039 2799 sent.
1057 2752 1168 2797 excom.
1188 2733 1216 2794 in
1236 2731 1295 2796 Vl⁰
1313 2729 1347 2795 V.
1366 2729 1436 2805 ll.;

194 2833 266 2916 Cap.
291 2835 336 2901 lta
359 2836 495 2900 nescitur
518 2837 569 2899 59.
593 2835 630 2902 X.
659 2837 692 2901 V.
717 2837 791 2912 39.;
822 2840 854 2901 et
885 2837 992 2902 contra
1025 2836 1146 2901 Rituale
1181 2835 1366 2910 Romanurn,
1400 2834 1438 2897 de

198 2939 314 3005 Posuit.
340 2941 388 3004 tit.
412 2937 470 3004 Ill.
496 2940 529 3007 G.
551 2941 567 3005 1
589 2961 617 3004 n.
635 2941 690 3022 23)
715 2944 795 3006 recte
819 2941 965 3017 doceant,
991 2942 1017 3006 ei
1042 2942 1094 3023 qui
1116 2941 1149 3003 iu
1171 2939 1304 3006 amando
1327 2941 1440 3004 mortis

193 3062 212 3107 a
234 3044 371 3127 quolibet
394 3044 577 3109 confessario
604 3063 623 3109 a
645 3046 805 3127 quibusvis
828 3046 965 3112 censuris
980 3043 1253 3127 quomodocunque
1272 3043 1438 3112 reservatis

194 3148 353 3213 absolutus
376 3149 488 3224 fuerit,
518 3152 592 3214 tuuc
616 3149 805 3216 solummodo
829 3149 1043 3232 imponendam
1068 3167 1133 3212 esse
1157 3149 1377 3230 obligationem
1403 3168 1437 3212 se

193 3253 321 3316 sistendi
345 3252 498 3336 Superiori
521 3260 702 3337 recuperata
725 3253 919 3332 valetudine,
951 3254 977 3317 si
1006 3257 1120 3336 agetur
1143 3253 1179 3318 ds
1202 3253 1395 3318 absolutione
1419 3273 1438 3318 a

192 3357 328 3421 censuris
349 3358 481 3438 speciali
504 3360 592 3424 enode
617 3359 720 3440 Papae
745 3359 926 3436 reservatis,
957 3378 995 3422 an
1030 3358 1206 3440 hujusmodi
1232 3359 1378 3424 recursus'
1396 3358 1435 3422 ad

192 3461 385 3545 Superiorem
409 3463 502 3526 etiarn
527 3463 713 3527 necessarius
734 3463 775 3527 sit
798 3463 827 3526 in
853 3462 1044 3526 absolutione
1065 3461 1236 3527 acensuris
1251 3463 1440 3544 simpliciter

192 3565 319 3630 Summo
343 3566 487 3631 Pontifici
511 3568 699 3631 reservatis?

457 3669 544 3735 deria
566 3669 619 3749 lif,
643 3670 692 3735 die
718 3672 767 3738 17.
792 3671 879 3738 Junii
907 3669 999 3736 1891.

296 3775 331 3840 Iu
355 3774 507 3858 Congreg.
531 3776 668 3857 generali
691 3775 721 3839 S.
749 3777 836 3842 Rom.
860 3782 891 3840 et
916 3776 972 3842 Un.
997 3773 1113 3858 Inquis.
1138 3775 1302 3857 propositis
1329 3793 1439 3858 supra·

193 3879 316 3960 seriptis
349 3879 450 3944 rlrrbiis
481 3880 722 3965 praeliabitoque
752 3881 917 3944 Remorum
944 3880 1008 3946 llll.
1033 3879 1250 3944 Corrsnlturum
1275 3882 1344 3944 voto
1370 3879 1437 3942 limi

192 4002 228 4046 ac
252 3983 321 4047 ltmi
348 3983 404 4047 Dni
430 3983 609 4050 cardinales
633 3985 663 4048 in
692 3986 781 4050 rebus
812 3984 881 4048 fidei
912 3985 945 4049 et
976 4004 1094 4050 morum
1126 3981 1293 4050 Generales
1326 3983 1434 4064 lnqui-

192 4086 302 4151 sitores
324 4087 567 4169 respondendum
592 4089 795 4155 mandarunt:

299 4191 346 4254 lld
373 4193 400 4257 l.
437 4192 650 4269 affirmativa

297 4296 345 4360 lld
370 4297 400 4363 2.
431 4297 585 4380 Negative
608 4297 646 4362 ad
676 4299 688 4362 l
716 4298 847 4380 partem,
869 4297 1054 4362 affirmative
1078 4299 1116 4362 ad
1138 4300 1157 4362 2
1181 4300 1318 4381 partem

296 4399 341 4464 Ad
366 4402 395 4467 3.
432 4401 626 4467 affirmative
650 4403 688 4467 ad
714 4405 728 4466 l
755 4405 886 4484 partem,
911 4403 1054 4486 negative
1078 4404 1116 4468 ad
1137 4405 1156 4470 2
1179 4406 1319 4488 partem3
1349 4404 1439 4487 juxta

192 4503 408 4570 resolutionem
433 4503 488 4569 fer.
512 4504 565 4572 IV.
591 4507 642 4573 28.
666 4507 754 4572 Jucii
777 4507 871 4573 1882.
