3178 4786
219 207 282 273 470
449 223 476 280 8.
497 225 526 280 U.
548 225 606 280 Rea
625 225 653 279 d.
673 225 717 278 17.
738 225 809 279 Dec.
833 221 908 280 1888
927 227 1032 295 quoad
1051 223 1236 295 capuceum.

325 405 460 474 Dubium
486 399 572 464 VIII.
609 397 720 464 Utrum
744 397 851 463 diebus
875 397 1042 464 Dominicis
1062 397 1217 476 Sacerdos,
1241 398 1370 464 Missam
1385 419 1456 464 con-

221 515 397 585 ventualem
420 505 639 580 celebraturus,
663 502 761 585 possit
783 503 823 567 ad
844 503 952 568 Altare
971 503 1115 568 accedere
1135 504 1251 587 absque
1266 502 1380 582 caerula¹
1402 523 1454 568 seu

222 619 357 707 planeta,
380 612 418 678 ad
441 609 646 694 aspersionem
670 607 852 686 taciendam,
875 611 1033 691 assumpte
1053 610 1159 691 postea
1178 607 1302 692 planeta
1317 607 1348 674 in
1364 625 1458 674 cornu

224 721 463 890 ssplstolidiiium
487 819 540 886 IX.
579 819 695 884 Auctor
717 816 901 896 Maenalis,
935 817 973 883 de
1000 837 1059 901 quo
1089 817 1211 901 agitur,
1241 817 1353 882 amerit
1377 817 1459 900 quod

222 931 346 1017 quando
390 925 471 1009 apud
514 922 685 1008 Uupucinos
736 921 774 988 ad
818 921 1055 1005 impertiendam
1101 919 1343 992 benedictionem
1388 940 1459 986 cnm

223 1032 422 1104 Sanctissimo
443 1029 640 1096 Sacramento
659 1026 726 1091 loco
741 1027 830 1092 albae
851 1026 1036 1092 adhibeatur
1050 1027 1313 1109 superpelliceum,
1337 1043 1461 1110 semper

223 1144 328 1208 tamen
359 1135 444 1202 indui
466 1133 559 1199 debet
581 1135 613 1197 et
636 1130 767 1196 amictus
797 1131 856 1216 (uti
878 1131 908 1195 in
930 1149 1122 1216 quacumque
1145 1130 1208 1196 alia
1230 1129 1404 1210 functione,
1430 1131 1460 1195 in

223 1264 284 1331 qua
306 1264 324 1309 a
347 1237 548 1307 Nostratibus
566 1234 700 1320 pluviale
725 1233 939 1319 adhibeatur),
962 1234 1074 1301 nedum
1098 1235 1135 1299 ad
1159 1234 1334 1321 tegendum·
1349 1237 1382 1299 et
1404 1234 1459 1298 de-

223 1347 392 1434 tegendum
415 1343 518 1428 caput,
541 1341 593 1406 sed
617 1338 798 1424 praesertim
823 1357 860 1405 ne
883 1339 1021 1423 superior
1043 1338 1220 1406 extremitas
1241 1337 1358 1423 caputii
1374 1357 1460 1404 snm·

224 1453 366 1519 mimmm
390 1445 536 1532 pluriaIIs
558 1443 694 1523 excedat,
718 1444 798 1528 quod
820 1446 902 1510 esset
923 1461 1047 1527 prorsas
1067 1443 1221 1510 indecens.
1251 1441 1333 1524 Quid
1355 1442 1462 1509 dicen·

225 1558 299 1623 dum
320 1556 359 1620 de
382 1553 440 1620 bac
463 1549 607 1618 Auctoris
628 1548 807 1638 sententia?

328 1657 464 1724 Dubium
488 1654 526 1722 X.
559 1654 607 1719 An
631 1653 662 1718 in
682 1655 828 1718 consueta
845 1652 940 1718 bliesa
962 1655 995 1718 et
1015 1653 1205 1736 processione
1223 1652 1328 1718 Ueriae
1348 1653 1373 1717 V
1390 1651 1463 1718 bla-

222 1765 297 1849 joris
319 1758 555 1837 Hebdomades,
585 1756 755 1824 celebranti
780 1757 923 1823 assistere
946 1758 1044 1840 possit
1066 1757 1221 1823 Diaconos
1241 1759 1366 1822 tautum
1389 1757 1463 1820 alba

225 1872 259 1935 et
280 1869 360 1933 stols
383 1865 520 1942 indutus,
543 1863 657 1945 absque
679 1859 880 1938 Subdiacono
902 1861 1028 1946 ipseque
1043 1879 1101 1926 non
1117 1863 1185 1927 tota
1200 1861 1330 1926 durante
1346 1860 1463 1925 Missa?

331 1968 465 2035 Dubium
490 1965 544 2034 XI.
578 1965 688 2031 Utrum
718 1981 823 2030 ceraue
852 1963 1007 2047 paschalis
1031 1965 1155 2030 accendi
1176 1965 1273 2049 possit
1293 1964 1326 2029 in
1350 1964 1463 2029 nostris

229 2073 375 2142 Uceieeiis
397 2075 534 2156 tempore
555 2069 667 2135 Missae
690 2068 910 2135 Uocoentuclis
931 2068 1050 2134 dierum
1075 2087 1133 2134 non
1156 2068 1362 2134 festivorum?

330 2175 466 2243 Dubium
489 2174 562 2240 XII.
599 2173 710 2240 Utrum
741 2172 866 2239 tolerari
901 2172 996 2256 possit
1028 2173 1109 2257 qnod
1142 2171 1291 2240 Sacerdos
1323 2179 1407 2239 cotto
1436 2180 1465 2239 ct

228 2284 317 2364 stola
342 2281 391 2348 rol
410 2280 493 2359 olba,
517 2279 637 2364 decurio
658 2285 687 2344 et
706 2278 789 2345 stolo
803 2283 927 2344 mortam
940 2277 1078 2357 indutus,
1098 2280 1229 2362 peragat
1243 2275 1462 2361 expositionem

227 2391 259 2453 et
281 2385 496 2470 repositionem
520 2382 712 2448 Sanctissimi
736 2381 949 2459 Sacramenti;
981 2388 1037 2449 aut
1066 2383 1179 2467 populo
1200 2401 1272 2448 cum
1294 2381 1465 2447 ostensuris

227 2490 405 2567 benedicat3
429 2488 479 2554 rel
499 2485 736 2554 Sanctissimum
762 2484 994 2552 Sacramentum
1016 2487 1048 2550 in
1067 2485 1310 2570 processionibus
1324 2483 1464 2552 Sancus·
1569 2557 1570 2562 ἵ

226 2595 296 2661 simi
322 2593 462 2677 eorporis
485 2591 602 2658 Ubristi
624 2591 750 2674 portet?
787 2590 836 2655 An
860 2589 959 2674 potins
981 2592 1124 2656 teneatur
1146 2589 1186 2654 ad
1209 2607 1300 2655 usum
1319 2590 1465 2674 plumalis

225 2701 257 2766 in
280 2697 422 2765 omnibus
442 2694 643 2764 caeremoniis
670 2694 703 2760 in
732 2693 844 2778 quibus
866 2695 980 2761 caeteri
1004 2693 1188 2762 Sacerdotes
1211 2693 1293 2760 baud
1316 2693 1466 2780 Uapucici

225 2801 360 2889 placiule
380 2802 503 2885 portare
526 2800 666 2866 detecti
1569 2795 1570 2799 ’

331 2904 467 2971 Dubium
492 2903 579 2970 XIII.
613 2904 725 2970 Utrum
749 2902 874 2970 Uiben'a
902 2923 956 2970 seu
987 2902 1214 2982 Tabernacula,
1245 2903 1298 2968 ubi
1325 2902 1466 2970 Sanctis-

226 3011 339 3078 sumum
357 3007 593 3076 Sacramentum
616 3009 802 3086 asservatur,
833 3007 950 3091 possint
973 3007 1106 3075 exterius
1129 3027 1194 3074 esse
1217 3027 1252 3074 er
1276 3007 1357 3073 nude
1382 3008 1467 3093 ligno

226 3114 295 3181 rudi
320 3113 421 3180 colore
442 3113 563 3198 depIcto
587 3114 635 3178 rel
657 3112 759 3196 potius
782 3111 914 3178 debeant
934 3111 1075 3180 deaurari
1100 3115 1156 3178 aut
1175 3111 1324 3197 protimus
1339 3112 1467 3198 depingi

225 3238 319 3305 quam
341 3218 480 3283 caeterae
504 3215 625 3282 altaris
645 3217 773 3300 partes?

330 3320 466 3388 Dubium
489 3319 575 3388 XIII.
611 3319 721 3387 Utrum
750 3322 874 3387 tolerari
901 3323 1018 3405 possIct
1047 3323 1157 3388 tbecee
1187 3321 1350 3389 Sacrarum
1383 3322 1466 3387 Ueli-

226 3427 369 3514 quiarum
389 3425 428 3492 ad
450 3424 575 3492 modum
596 3425 790 3492 ostensorioli
813 3446 849 3492 ex
871 3426 1005 3510 simplici
1028 3430 1060 3492 et
1082 3426 1164 3492 nudo
1187 3425 1271 3511 liguo
1286 3425 1469 3492 confectae?

331 3530 467 3597 Duqum
489 3529 555 3595 XV.
588 3529 698 3596 Utrum
720 3528 805 3597 licite
820 3529 887 3596 fieri
903 3531 1021 3615 possint
1036 3530 1180 3614 privatim
1196 3530 1318 3615 aliquae
1335 3530 1470 3596 miuores
1567 3527 1568 3544 ¹

226 3634 455 3702 benedictiones
475 3633 610 3700 Ritualis
632 3632 763 3699 Romam
786 3653 856 3700 cum
880 3635 946 3701 sola
968 3635 1049 3700 stola
1068 3636 1184 3719 absque
1205 3634 1453 3718 superpelliceo?

331 3738 467 3804 Dubium
497 3737 581 3806 XVI.
634 3737 744 3805 Utrum
786 3737 933 3823 Uapucini
969 3741 1133 3806 teneantur
1166 3739 1205 3805 sd
1238 3739 1469 3806 observantiam

226 3844 427 3910 Decretorum
448 3842 625 3927 praesertim
653 3843 702 3909 18.
725 3841 904 3909 Decembris
930 3843 1242 3912 tartarearum
1267 3843 1362 3920 leel,
1386 3845 1470 3909 circa

226 3947 389 4014 materiam
413 3949 686 4031 paramentorum?
725 3947 769 4014 Ut
788 3953 941 4034 quatenus
963 3947 1160 4024 affirmative,
1184 3948 1289 4014 utrum
1310 3946 1398 4014 licIte
1421 3951 1470 4013 uti

226 4052 345 4136 possim
372 4049 560 4135 paramentis
587 4070 623 4118 ex
655 4052 812 4138 gossypio‚
844 4053 906 4120 lino
937 4056 992 4119 aut
1023 4053 1095 4118 lana
1119 4053 1201 4120 douc
1221 4053 1284 4133 (ide
1304 4053 1469 4130 conlectis,

231 4157 300 4238 pust
323 4154 413 4221 istius
435 4155 583 4221 materiae
604 4156 867 4241 prohibiti0nem?

330 4257 463 4324 Dubium
496 4259 597 4324 XVII.
645 4262 690 4324 An
723 4261 872 4344 Uapueiui
903 4262 1023 4344 possint
1054 4261 1094 4326 ad
1125 4260 1250 4327 libItum
1280 4263 1313 4326 et
1341 4261 1373 4325 in
1407 4279 1471 4326 nna

227 4359 394 4443 eademqne
423 4361 561 4427 Ecclesia
594 4381 696 4428 sacras
731 4365 903 4431 functiones
933 4383 1102 4449 peragere,
1138 4385 1218 4432 nnnc
1250 4367 1339 4451 juxta
1373 4385 1467 4449 prae·

228 4461 409 4545 sculptiones
429 4463 600 4530 ordinarias
623 4466 758 4534 illocalis
780 4467 926 4544 Romani,
949 4471 1028 4549 etc,
1052 4487 1133 4535 uurrc
1155 4471 1268 4538 utendo
1292 4469 1470 4538 Memoriali

231 4563 360 4629 Rituum
381 4582 401 4629 a
422 4565 592 4634 Benedicta
614 4569 704 4635 XIII.
727 4589 780 4655 pro
803 4571 906 4656 paruis
928 4571 1205 4660 emimusgeuicot
