3180 4778
215 191 279 258 340
324 209 433 281 conpr.
449 208 567 282 nuqua.
584 209 627 264 13.
641 209 824 266 unescere:
843 210 936 266 umor.
955 212 997 266 an
1014 210 1101 280 prou.
1121 209 1192 266 sorr.
1215 211 1285 265 aree
1304 213 1449 280 consuere

215 383 321 450 heberi
343 401 464 466 semper
484 382 605 467 posset;
638 381 690 447 ssd
722 402 790 448 cnm
821 381 854 447 id
877 402 938 448 non
958 383 1062 449 sinam
1083 401 1210 448 casuum
1234 382 1447 467 propemodum

213 487 353 554 infinitae
376 488 457 553 rioes
480 486 573 572 (quod
593 487 747 570 supienter
769 486 1018 552 animaduersum
1039 489 1087 553 est
1109 486 1138 552 in
1161 485 1289 552 laudate
1311 486 1447 552 Instmc·

213 591 296 658 tione
319 591 368 657 bis
388 591 498 658 verbis.
526 589 565 657 st
585 596 687 658 tumen
710 591 889 658 huiusmodi
910 593 1086 658 testimonio
1107 591 1217 658 bobert
1233 612 1299 658 ruore
1308 598 1448 673 memrot,

211 695 315 764 sacra
336 695 536 780 Oouprequtio
558 713 619 761 nou
642 697 777 763 tremuit
798 697 961 763 excludere
983 695 1068 762 ulios
1088 697 1301 778 probationes,
1320 716 1400 778 quae
1415 695 1449 760 de

212 802 282 868 iure
297 801 453 867 communi
472 806 603 882 possunt
617 800 753 878 admitti,
768 801 933 866 dummodo
948 801 1103 885 legitimae
1117 801 1189 878 mut,
1209 797 1449 883 despicientes)

212 903 361 989 sequitur,
384 902 464 988 qnod
487 903 644 970 stantibus
660 903 734 969 licet
748 903 906 990 principiis
923 904 1119 989 generalibus
1140 902 1345 986 praestitutis,
1371 901 1449 968 baud

212 1025 282 1074 raro
304 1025 393 1074 casus
419 1007 580 1088 eveniunt,
610 1007 641 1072 iu
673 1008 785 1092 quibus
814 1008 1100 1074 Ecclesiasticorum
1129 1006 1308 1073 Praesidnm
1340 1006 1451 1072 indicus
1575 1041 1576 1060 κ

212 1112 338 1178 barrem
361 1111 461 1178 solent
482 1110 514 1175 in
537 1131 610 1178 vera
629 1111 773 1196 iustaque
788 1112 969 1197 probatione
985 1111 1204 1197 dignoscenda,
1227 1131 1263 1176 uc
1276 1111 1449 1191 statuenda,

212 1216 275 1282 imo
297 1234 351 1301 pro
370 1233 492 1281 summa
513 1214 570 1281 illa
593 1216 755 1294 facilitate,
779 1235 858 1301 quae
882 1218 986 1283 aetate
1006 1219 1112 1284 nostra
1134 1217 1219 1281 laeta
1241 1219 1289 1281 est
1311 1216 1451 1280 remotis·

212 1321 307 1386 simas
334 1337 455 1404 quaque
486 1319 626 1404 regiones
657 1319 789 1386 adeundi
814 1321 845 1386 in
868 1340 972 1386 omnes
996 1320 1059 1386 tere
1081 1319 1165 1387 orbis
1188 1321 1291 1404 partes
1315 1318 1451 1386 homines

212 1424 406 1509 divagentur,
429 1423 580 1491 eiusmodi
603 1443 729 1490 cmuurn
751 1425 919 1492 multitudo
939 1425 1014 1492 adeo
1030 1425 1191 1504 succrevit,
1215 1425 1250 1489 ut
1267 1424 1450 1508 frequentis·

212 1527 285 1596 simi
307 1527 367 1594 hac
388 1527 426 1594 de
448 1547 480 1594 re
503 1528 541 1595 ad
564 1526 744 1613 Supremam
779 1530 858 1596 banc
885 1529 1164 1616 congregationem
1196 1529 1370 1594 habeantur
1401 1547 1448 1592 re·

212 1651 339 1710 cursus,
373 1651 431 1698 non
454 1633 520 1699 eine
540 1653 629 1718 porro
652 1634 786 1719 partium
811 1633 1020 1712 incommodo,
1052 1634 1163 1718 quibus
1194 1633 1275 1698 inter
1304 1631 1450 1698 intorme-

210 1736 320 1814 tiones‚
343 1739 436 1822 atque
458 1737 686 1817 instructiones,
711 1757 787 1823 quus
809 1757 864 1818 pro
879 1757 911 1804 re
928 1741 1011 1818 nata,
1034 1742 1070 1804 ut
1085 1739 1183 1816 aiunt,
1208 1738 1282 1821 peti,
1306 1737 1450 1821 mittique

211 1859 334 1908 necesse
355 1841 420 1922 est,
443 1840 609 1926 plurimum
633 1840 742 1908 defluit
763 1843 926 1926 temporis,
951 1843 1025 1927 quin
1048 1844 1167 1926 possint
1189 1841 1227 1907 ad
1248 1843 1355 1926 optata
1378 1845 1450 1907 rota

212 1945 383 2012 masolam.

200 2149 201 2157 ,
312 2083 506 2169 Quapropter
527 2083 621 2151 Sacra
644 2085 751 2152 eadem
775 2085 980 2170 congregatio
1005 2085 1180 2150 huiusmodi
1211 2085 1448 2150 necessitatibus

209 2207 367 2255 occurrere
390 2189 579 2274 percupiens,
602 2189 755 2274 simulque
777 2189 966 2274 perpendens
989 2190 1021 2254 in
1045 2189 1162 2256 dissitis
1178 2190 1357 2274 praesertim
1376 2190 1450 2254 mis·

211 2292 330 2361 monum
353 2293 445 2372 locis,
482 2293 713 2361 Ecclesiasticus
749 2295 903 2379 praesides
930 2294 1109 2379 opportunis
1136 2294 1263 2360 destitui
1291 2293 1449 2369 subsidiis,

209 2395 321 2482 quibus
350 2416 386 2463 ex
416 2397 563 2483 gravibus
594 2397 832 2466 difficultatibus
863 2400 1011 2464 extricare
1045 2417 1077 2464 se
1105 2398 1244 2475 valeant,
1276 2417 1292 2463 e
1322 2417 1355 2462 re
1384 2417 1450 2463 esse

209 2501 339 2580 mnsuit,
363 2501 534 2567 uberiorem
557 2502 645 2568 edere
667 2502 917 2580 Instructionem,
940 2503 971 2568 in
995 2521 1065 2587 que,
1087 2503 1136 2580 iis,
1160 2521 1238 2586 quac
1254 2502 1315 2568 iam
1331 2501 1451 2567 traditu

209 2606 295 2684 sunt,
326 2605 411 2671 nullo
432 2607 523 2690 pacto
547 2607 724 2691 abrogatis,
751 2607 877 2692 regulae
899 2606 1122 2691 indigitentnr,
1145 2625 1222 2691 quas
1244 2607 1275 2670 iu
1299 2606 1450 2672 eiusmodi

208 2709 331 2776 casibus
360 2708 437 2776 baec
467 2709 534 2795 ipss
557 2709 588 2779 S.
613 2709 819 2797 congregatio
841 2711 928 2796 sequi
950 2711 1045 2790 solet,
1076 2715 1112 2776 ut
1143 2710 1267 2777 illarum
1301 2728 1374 2794 ope,
1404 2709 1449 2776 nel

209 2813 324 2899 absque
345 2813 529 2881 necessitate
552 2833 692 2882 recursus
714 2815 753 2881 ad
776 2813 923 2882 Sanctum
945 2813 1065 2896 Sedem,
1089 2815 1206 2899 possint
1226 2813 1343 2880 iudicia
1366 2815 1449 2892 terri,

209 2917 258 2984 vel
281 2921 375 2997 certe,
396 2917 423 2984 si
440 2918 659 2985 recurrendum
675 2919 725 3000 sit,
750 2922 851 2986 status
868 2919 1058 3005 quaestionis
1075 2920 1122 2985 ita
1136 2919 1269 2984 dilucide
1283 2921 1452 3003 exponatur

208 3023 245 3088 ut
265 3020 409 3106 impediri
430 3021 562 3108 longiori
583 3040 670 3090 mora
692 3024 847 3090 sententia
870 3043 928 3088 non
950 3023 1070 3090 debeat.
1107 3022 1217 3107 ltaque

313 3161 341 3226 1.
366 3159 444 3228 Cum
467 3161 505 3227 de
528 3162 667 3249 coniugis
686 3165 786 3230 morte
800 3163 941 3248 quaestio
957 3163 1143 3240 instituitur,
1161 3162 1330 3229 notandum
1347 3163 1449 3247 primo

208 3265 284 3344 loco,
306 3264 387 3350 quod
410 3269 627 3352 argumentum
650 3286 670 3332 a
691 3268 757 3334 sola
778 3267 875 3352 ipsius
896 3267 1037 3333 absentia
1052 3268 1302 3352 quantacumque
1325 3267 1449 3348 (liceto

207 3368 329 3454 legibus
351 3369 495 3436 uirilibus
517 3371 581 3438 iere
601 3371 715 3456 ubique
734 3372 973 3456 admittendos
996 3371 1097 3438 Sacris
1120 3370 1296 3437 canonibus
1319 3372 1448 3436 minime

207 3471 363 3540 solidans
393 3474 434 3540 ad
461 3474 575 3541 iustam
606 3476 816 3560 probationem
848 3477 988 3542 habetur.
1034 3474 1123 3542 Unde
1146 3494 1189 3542 sa.
1211 3495 1269 3542 nne.
1293 3475 1369 3540 Pius
1395 3473 1448 3540 vl.

205 3576 246 3643 sd
268 3576 539 3663 Archiepiecopum
567 3580 754 3666 Pragensem
784 3579 834 3646 die
862 3580 1114 3646 ll.lulii1789
1144 3579 1319 3664 resumpsit,
1349 3579 1450 3646 solem

205 3680 345 3767 coniugis
364 3682 558 3764 absentiam,
588 3689 681 3769 atque
711 3683 920 3751 omnimodum
944 3683 1080 3750 ciusdem
1104 3682 1262 3750 silentium
1285 3683 1367 3750 sotis
1388 3705 1448 3750 cr-

202 3791 381 3870 essementum
402 3807 465 3855 uon
486 3808 553 3856 cese
575 3789 619 3855 ud
640 3795 769 3858 mortem
791 3787 1062 3872 comprobandum,
1087 3807 1123 3853 ne
1142 3790 1211 3852 tum
1235 3787 1360 3872 quidem
1376 3805 1446 3852 curn

205 3889 318 3957 edictio
341 3891 425 3975 regio
448 3891 556 3958 coniux
576 3893 687 3960 absens
707 3895 850 3959 evocatus
873 3892 1028 3977 (idemque
1049 3911 1136 3976 porro
1159 3892 1322 3958 dicendum
1338 3895 1397 3972 est,
1421 3891 1448 3955 si

206 4012 260 4078 per
276 3994 415 4079 publicae
435 3995 645 4080 ephemerides
666 3997 699 4064 id
718 3997 836 4063 fuctum
859 3998 915 4084 sit)
939 3997 1059 4063 nullum
1082 3996 1198 4062 suimet
1219 3995 1370 4062 indicium
1392 3997 1450 4061 de·

205 4097 296 4165 derit.
338 4099 428 4184 Quod
449 4102 533 4168 errim
554 4123 617 4169 uon
640 4104 867 4186 composuerit,
898 4101 980 4168 idom
1004 4101 1049 4167 ait
1072 4101 1230 4179 Pontifex,
1258 4121 1322 4168 aon
1343 4103 1449 4185 mucis

205 4219 292 4268 mors
309 4203 347 4269 ia
368 4221 467 4271 causo
488 4225 554 4273 cese
570 4207 683 4289 potuit,
706 4227 799 4290 quom
821 4208 888 4272 cius
910 4207 1114 4273 mutuumcic.

309 4339 340 4406 2.
364 4339 446 4406 Hinc
468 4343 507 4409 ad
530 4345 754 4431 praescriptum
777 4345 953 4412 eorumdem
974 4364 1128 4412 sacrorum
1152 4343 1329 4425 canonum,
1353 4344 1447 4412 docu-

206 4439 347 4508 mentum
369 4444 584 4514 antbenticnm
613 4450 717 4516 obitus
748 4449 891 4534 diligenti
922 4450 1025 4516 studio
1047 4449 1163 4534 exquiri
1188 4448 1312 4516 omnino
1334 4451 1446 4527 debel;

207 4545 367 4611 muratum
396 4547 559 4616 sciliceta
591 4555 721 4637 regestis
751 4553 930 4633 Paroeciae,
961 4555 1009 4620 rel
1031 4553 1208 4620 xenodochii
1234 4554 1281 4621 vel
1301 4555 1446 4634 militiae,
