3180 4778
393 207 458 265 Zur
476 209 650 264 8111111111
669 209 722 264 dea
740 207 946 263 cananaeam
960 207 1147 264 Ehcrachtas.
1326 189 1389 256 889

256 379 451 464 Ueherhaupt
473 381 515 446 ist
536 381 578 445 im
602 381 765 446 llinzeluen
786 379 862 445 dher
876 379 925 444 dio
941 379 1111 446 hirchliohe
1127 379 1386 466 Ehcschlioesung

151 484 228 550 noch
245 484 331 550 nicht
347 484 403 549 das
419 485 512 549 letata
529 485 619 550 Wort
635 483 832 569 gesprocheu.
864 482 925 550 Das
949 483 1053 569 zeigen
1074 483 1124 550 dio
1144 485 1262 562 ulman,
1286 483 1386 550 einam

152 588 339 654 Katholihen
363 588 651 654 unversttudliohen
676 587 889 654 Deductioucn
911 585 1066 672 Sahliug'e
1095 588 1170 652 dher
1195 586 1386 656 (11181111-

151 693 366 777 moutsbegrill
385 693 434 758 hei
456 693 510 758 der
531 693 604 758 Ehe.
651 692 778 758 Dauaoh
803 692 858 758 hat
880 691 1034 758 Hinlrmar
1064 693 1154 758 einen
1181 691 1307 777 cigenen
1331 691 1387 759 Sa·

150 797 425 882 oramentshegriis.
453 796 544 881 Hugo
566 797 670 862 erfand
694 797 782 861 einen
800 815 896 862 neuen
914 795 1232 881 Sacrameutshegriif‚
1254 794 1385 862 Gratian

150 901 206 967 hat
227 903 329 966 sainen
352 903 478 986 eigenen
502 900 828 986 Sauromatarum,
860 901 938 967 nach
959 901 1028 966 deur
1052 900 1267 966 Tridentinum
1290 899 1385 966 iallen

151 1005 410 1090 llhcschliossung
425 1005 487 1070 und
500 1005 680 1072 Sacrament
696 1006 783 1071 nicht
798 1005 987 1090 vollstdndig
1002 1024 1179 1072 zusammen
1192 1005 1251 1074 eto.
1265 1007 1297 1086 ¹).
1322 1004 1387 1072 Das

150 1109 395 1176 uielhohandelte
425 1112 651 1176 sacramentum
683 1109 732 1174 hei
762 1109 816 1174 der
846 1109 911 1174 llhe
947 1127 1008 1173 uar
1030 1108 1090 1174 dan
1111 1108 1195 1174 alten
1219 1107 1385 1175 Gelehrten

151 1213 243 1279 meist
264 1213 319 1280 das
343 1234 401 1279 ron
423 1215 619 1298 Augustinus
641 1212 824 1298 angelirhrte
848 1214 961 1278 honum
984 1211 1170 1280 sacramenti
1193 1211 1248 1298 (=
1269 1213 1386 1279 Unani-

149 1317 347 1402 losliohkait).
400 1317 439 1385 So
459 1319 508 1383 hei
532 1317 702 1398 1111111111,
733 1336 766 1382 so
789 1317 838 1384 hei
861 1316 1009 1395 Gratim,
1040 1316 1195 1382 Rolandns
1223 1316 1255 1382 in
1286 1317 1386 1384 eeinor
1465 1334 1469 1340 ’

149 1421 276 1488 Summa
299 1441 329 1488 ιι.
350 1441 398 1500 a,
432 1423 518 1488 nieht
550 1422 624 1487 aher
657 1422 730 1500 das,
764 1440 824 1486 uas
846 1421 900 1486 uir
929 1422 1008 1505 jetzt
1037 1422 1128 1486 uuter
1158 1423 1383 1488 sacramentum

150 1527 197 1610 (=
221 1525 466 1609 Gnadenmittel)
491 1527 661 1593 verstehen.
708 1525 898 1592 interessent
927 1525 995 1592 sind
1023 1525 1125 1610 oiuige
1149 1525 1385 1610 Bemerkungon

148 1649 205 1695 arra
231 1631 289 1695 den
314 1634 457 1696 naueaten
485 1631 656 1696 ilditicoen.
708 1629 845 1714 Rufinus
879 1629 974 1696 haunt
1006 1629 1079 1696 auci
1113 1627 1310 1696 Sacramenta
1333 1630 1383 1696 hai

148 1733 203 1800 der
219 1735 299 1801 h'hc:
322 1734 410 1801 Sicut
432 1735 513 1800 enim
537 1735 568 1800 in
593 1734 735 1818 conjugio
758 1734 818 1800 duo
841 1737 924 1811 sunt,
942 1733 1135 1818 desponsatio
1149 1734 1215 1800 scil.
1232 1734 1265 1800 et
1280 1732 1382 1800 carnis

147 1839 339 1916 commixtio,
364 1841 460 1905 itaet
484 1839 527 1904 ibi
550 1839 609 1905 duo
631 1841 825 1906 sacramenta
847 1840 1053 1924 consurgunt,
1080 1858 1176 1904 unum
1198 1839 1232 1905 in
1253 1837 1382 1923 despon-

147 1943 265 2010 satione
287 1943 419 2009 alterum
443 1945 474 2008 in
497 1945 596 2010 carnia
618 1943 843 2010 commixtione.
886 1943 923 2009 lu
945 1942 1180 2028 desponsatione
1202 1961 1383 2026 repraesen-

147 2050 234 2112 tatur
257 2049 483 2114 sacramentum
506 2048 627 2113 animae
651 2047 804 2114 addeum
830 2097 837 2111 .
862 2098 869 2114 .
890 2048 922 2112 in
945 2049 1045 2114 carnis
1070 2066 1140 2113 uero
1170 2046 1383 2114 commixtione

148 2152 228 2218 latet
258 2155 484 2218 sacramentum
507 2151 623 2218 Christi
645 2155 677 2217 et
698 2151 845 2218 ecclesiae
868 2202 877 2218 .
900 2201 908 2217 .
932 2149 1012 2233 Quia
1035 2171 1106 2218 vero
1127 2152 1261 2236 primurn
1281 2170 1384 2218 sacra·

146 2259 285 2321 mentum
320 2257 463 2321 violabile
496 2259 543 2322 est
566 2255 755 2342 (frequentor
778 2256 859 2322 enim
883 2256 988 2322 anima
1015 2275 1092 2341 quaa
1115 2256 1298 2324 adhaeserat
1320 2255 1385 2322 Deo

146 2363 303 2444 apostatat
322 2381 340 2426 a
362 2360 439 2446 Deo)
469 2380 525 2426 non
555 2360 709 2427 immerito
740 2360 806 2444 ejus
836 2359 937 2444 figura
966 2360 1032 2426 scil.
1061 2360 1255 2446 desponsatio
1288 2360 1382 2426 etiam

145 2465 226 2530 iuter
247 2465 404 2550 legitimas
424 2483 567 2549 personas
596 2465 674 2532 inita
702 2464 885 2548 quibusdam
908 2465 1009 2530 causis
1037 2465 1253 2531 accedentibus
1275 2464 1382 2531 irrita·

145 2570 207 2634 tur.
236 2569 469 2636 Sacramentum
493 2588 563 2634 uero
585 2567 699 2636 Christi
723 2571 754 2634 et
775 2568 921 2636 eeclesiae
935 2569 1058 2634 omnino
1074 2571 1122 2635 ast
1136 2568 1332 2654 irrumpibile
1350 2621 1383 2638 ..

145 2676 177 2738 et
204 2673 273 2740 ideo
300 2673 330 2737 in
361 2675 450 2758 siguo
479 2674 545 2757 ejus
569 2672 710 2739 videlicet
733 2674 764 2737 in
788 2673 889 2738 carnis
911 2673 1126 2740 commixtione
1149 2675 1221 2740 acta
1241 2672 1382 2760 legitime

144 2778 226 2842 inter
248 2777 405 2861 legitimas
427 2796 569 2861 personas
592 2796 687 2861 usque
710 2777 786 2843 adeo
810 2777 1041 2844 matrimonium
1065 2777 1221 2846 radicatur
1240 2779 1275 2844 ut
1295 2775 1381 2844 nulla

144 2901 278 2965 uuquam
301 2882 443 2965 pulsante
465 2881 623 2948 occasione
648 2882 745 2947 altero
774 2900 879 2947 eorum
902 2881 1024 2948 1111111
1048 2882 1150 2948 valeat
1173 2882 1272 2950 evelli.
1317 2882 1381 2948 Da·

146 2985 243 3051 naban
269 2985 376 3070 dringt
397 2987 445 3052 hei
468 2985 531 3051 ihm
556 2987 649 3052 sehon
672 2985 721 3050 die
743 2986 848 3051 uuella
870 2985 1055 3072 Bedeutuug
1078 2987 1131 3051 das
1154 2989 1381 3052 sacramentum
1489 3048 1494 3056 .

144 3091 192 3172 (=
215 3089 459 3170 Gnadanmittel)
484 3089 601 3154 durch:
634 3088 694 3154 Sed
727 3089 890 3174 opponitur
925 3088 1002 3155 illud
1035 3089 1204 3176 Augustini
1230 3089 1382 3167 dicentis:

146 3193 399 3260 »Sacramentum
443 3194 578 3278 conjugii
612 3193 752 3260 ornuihns
788 3193 933 3278 gentihus
968 3213 1129 3260 commune
1165 3213 1231 3260 esse
1268 3195 1380 3278 potest,

143 3297 294 3363 sanctitas
323 3300 425 3364 autern
456 3299 641 3364 sacramenti
666 3317 725 3364 non
747 3297 807 3363 uisi
828 3298 861 3363 in
883 3298 1010 3364 civitate
1035 3298 1084 3364 dei
1106 3299 1203 3365 nostri
1225 3299 1272 3364 est
1296 3299 1328 3364 et
1348 3297 1381 3362 in

143 3404 372 3468 montesancto
395 3403 489 3486 ejus«
523 3401 583 3468 Sed
606 3402 832 3468 sacramentnm
857 3401 992 3488 conjugii
1014 3405 1105 3469 vocat
1121 3402 1171 3468 hio
1186 3400 1380 3488 Augustinus

143 3525 202 3572 non
225 3505 322 3590 ipsam
346 3525 409 3571 ram
433 3525 550 3572 sacram
574 3507 604 3570 in
629 3506 771 3592 conjugio
794 3507 1022 3590 praesentatam
1049 3545 1086 3554 -
1111 3525 1169 3572 non
1187 3509 1236 3572 est
1250 3506 1332 3572 euim
1348 3505 1380 3572 in

142 3609 286 3694 corrjngio
306 3609 486 3686 infidelium,
514 3629 567 3676 nee
590 3610 631 3674 ihi
654 3612 901 3694 repraesentatur
922 3647 975 3692 -,
1000 3610 1054 3676 sed
1075 3610 1177 3696 ipsum
1199 3610 1376 3698 conjugium

142 3713 222 3798 qnod
246 3713 278 3779 in
300 3714 482 3798 quibusdam
504 3717 551 3780 est
574 3715 799 3781 sacramentum
823 3715 842 3782 i.
866 3734 892 3782 1.
915 3715 1001 3780 illius
1022 3733 1128 3780 sacrae
1155 3714 1380 3799 conjunctionis

142 3819 265 3901 signnm
279 3823 313 3900 ²).
359 3817 448 3884 Dicae
474 3837 562 3885 sacra
593 3839 641 3884 rea
672 3820 713 3884 ist
742 3839 800 3884 nur
828 3819 871 3884 im
902 3818 1079 3906 conjugium
1110 3819 1164 3885 der
1193 3817 1377 3905 Glaubigen,

142 3977 276 4040 schem,
296 3977 323 4030 in
340 3975 424 4030 Litar.
440 3975 601 4031 Rundschau
621 3975 688 4030 1888
707 3975 733 4029 S.
753 3977 787 4029 74
803 3975 842 4046 fg.
874 3975 965 4031 ‘doch
984 3975 1063 4030 dorin
1081 3975 1146 4030 tritt
1165 3975 1210 4031 ein
1227 3975 1379 4045 (deponsata

139 4079 172 4116 au
190 4062 298 4117 8111111
315 4063 418 4127 horror,
438 4063 500 4117 dass
519 4063 544 4118 S.
566 4062 614 4117 das
631 4061 763 4118 romische
780 4062 867 4118 Reoht
882 4062 924 4117 als
942 4063 1055 4118 11111111
1074 4061 1233 4118 kirchlichea
1245 4061 1379 4120 Eheraaht

141 4148 256 4212 1111111,
283 4149 393 4206 Freisen
413 4149 477 4205 aher
494 4149 542 4206 dae
558 4149 682 4218 jddischa
700 4151 787 4206 Recht
812 4151 854 4206 ala
873 4149 968 4218 Qualis
985 4149 1032 4205 das
1050 4149 1214 4206 hirchlioheu
1231 4149 1379 4208 1111111111

140 4235 293 4292 nachueiat.
323 4237 407 4292 licius
429 4238 475 4292 der
495 4236 590 4292 beiden
609 4237 713 4294 Theseu
731 4237 836 4293 seheint
854 4237 905 4292 mir
923 4235 974 4292 den
993 4237 1131 4306 haspruoh
1149 4237 1198 4294 aul
1213 4237 1379 4310 unhedingte

140 4321 283 4377 Wahrheit
300 4324 414 4379 erheben
434 4341 465 4378 nu
484 4325 613 4380 konnen«

244 4409 269 4478 1)
289 4411 421 4482 Sattiap,
446 4411 495 4465 Die
514 4411 646 4482 Wirhung
664 4413 710 4468 dcr
727 4411 1103 4482 Gasohleohtsgemeiusohalt
1121 4411 1148 4467 8.
1163 4411 1196 4466 25
1216 4411 1263 4483 lg„
1279 4413 1313 4470 35
1328 4413 1376 4484 fg„

139 4493 191 4551 108
208 4511 234 4549 u.
250 4499 283 4561 1.,
302 4495 346 4552 die
362 4497 534 4553 Verldhnissa
551 4498 579 4565 8.
597 4499 639 4564 16,
658 4500 699 4566 62,
719 4501 768 4555 ll'l
789 4499 913 4570 (Richtig
932 4498 1054 4570 dagegen
1073 4499 1139 4554 ibid.
1158 4499 1184 4556 S.
1204 4500 1272 4570 117).

248 4581 275 4654 2)
293 4585 425 4649 schotto,
445 4584 554 4642 Summa
572 4586 663 4642 liuilni
683 4587 733 4643 390
752 4586 791 4657 ig.
