3178 4786
403 233 495 292 Pacu.
513 253 563 306 up.
581 238 619 293 de
636 240 781 294 clausula
798 245 934 296 »ramata
948 241 1125 298 scandatur
1313 221 1378 290 473

145 405 330 483 celebratur,
353 407 460 473 diebus
482 410 596 487 tamea,
619 410 730 495 quibus
752 409 825 476 licet
847 430 900 496 per
917 413 1075 491 Rubriaas,
1099 413 1226 479 additur
1241 413 1379 479 collecta

144 510 286 592 specialis
308 531 360 593 pro
380 512 575 597 Imperatore.
622 515 794 598 Quamrero
816 535 922 582 sensns
946 517 1105 583 verborum
1130 517 1248 584 abiisse
1267 517 1379 584 solaru-

146 613 211 678 ois‹
243 614 363 681 diversa
390 637 409 682 a
435 617 564 684 dirersis
592 619 842 702 interpretatione
871 621 1055 705 accipiatur,
1087 622 1158 688 binc
1186 622 1378 688 Reverentia-

145 718 242 784 simus
265 718 413 785 Dominus
437 722 614 788 Franciscus
638 725 737 789 Maria
754 725 973 808 Doppslbaner,
995 725 1162 810 spiscopus
1179 727 1312 792 bincicu.
1338 726 1378 792 ad

146 821 313 888 tollendam
333 843 453 890 omnam
470 827 706 912 ambiguitatem
719 827 831 894 Sacrae
850 829 978 896 ltituum
994 830 1234 916 congregationi
1249 849 1379 916 sequens

145 925 272 991 dubium
295 946 349 1010 pro
371 933 541 1013 opportuna
563 932 714 998 solutione
737 932 896 999 humiliter
914 933 1055 1017 subiecit,
1080 935 1241 1003 nimirum:

222 1109 225 1119 Ι
250 1035 316 1097 »An
341 1033 432 1099 rerba
466 1035 578 1100 »missa
599 1035 762 1102 solemnis«
793 1037 901 1102 stricto
923 1057 1034 1116 seusu,
1063 1039 1103 1104 do
1129 1038 1222 1105 missa
1246 1039 1378 1116 scilicet,

145 1152 222 1218 quaa
254 1138 397 1202 mutatur
428 1157 498 1204 aum
531 1139 708 1206 assistentia
740 1159 896 1208 sacrorum
931 1142 1143 1210 Ministrornm
1176 1142 1377 1226 intelligenda

143 1240 217 1317 siat,
239 1258 279 1304 au
302 1242 403 1307 latiori
426 1262 516 1309 sensu
539 1243 577 1310 de
598 1245 695 1310 Missa
715 1265 836 1330 quoque
857 1264 925 1314 cnm
949 1250 1057 1326 mutu,
1081 1265 1160 1332 quaa
1182 1248 1297 1332 absque
1321 1249 1378 1314 mi·

145 1343 251 1409 nistris
273 1345 475 1416 celebratur«

246 1445 338 1515 Sacra
366 1470 455 1535 porro
481 1452 586 1518 eadem
611 1452 818 1537 Gongrcgatio
844 1454 882 1518 ad
911 1455 1092 1522 relationem
1115 1455 1303 1540 infrascripti
1323 1455 1377 1522 Se·

143 1553 278 1628 croterii,
301 1556 451 1638 exquisito
473 1563 542 1624 roto
564 1557 692 1624 alterius
715 1579 750 1624 ax
766 1560 1012 1642 Apostolicorum
1027 1561 1295 1628 Caeromoniarum
1312 1561 1379 1626 bia·

143 1656 251 1738 gistris
273 1657 317 1723 ita
341 1661 493 1744 proposito
515 1663 607 1730 dubio
631 1663 858 1729 rescribendum
882 1665 1011 1742 censuit,
1035 1664 1195 1731 uidelicet:

247 1763 397 1847 Ncputioc
418 1766 457 1832 ad
480 1767 609 1850 primam
635 1773 770 1852 partsm;
792 1769 994 1851 Asfimmioe
1012 1768 1051 1834 ad
1066 1769 1242 1835 secundam.
1275 1769 1378 1850 Atque

144 1864 190 1929 ita
212 1867 368 1950 rescripsit
390 1871 422 1934 ct
444 1869 613 1938 declararit
635 1871 685 1936 die
705 1873 736 1936 6.
760 1872 918 1937 Februarii
944 1873 1036 1939 1892.

518 1973 626 2058 †Oaj.
651 1974 741 2040 ilerd.
765 1976 871 2042 Aloisi
894 1975 1035 2043 Masalia
1059 1975 1158 2041 Praei.
1184 1995 1222 2044 m.
1244 1995 1274 2059 p.

142 2135 167 2189 3.
188 2135 264 2191 Decr.
282 2152 303 2188 s.
321 2135 472 2202 Paeniteat
489 2141 576 2207 apost.
595 2137 619 2194 d.
638 2139 678 2195 12.
696 2139 772 2210 April
795 2140 861 2196 1880
879 2141 1071 2210 Interpretatia
1090 2141 1225 2197 clausulae
1244 2141 1363 2194 cremata

400 2223 542 2279 saumis«
561 2225 589 2280 ia
606 2225 850 2298 dispensationibus
867 2226 1118 2284 matrimonialibus.

352 2347 389 2413 A.
420 2346 625 2432 supplicatio.

457 2487 639 2554 Beatissimo
663 2489 772 2555 Pater!

250 2607 408 2693 Rescripta
436 2608 465 2675 S.
496 2609 754 2676 Paenitentiariae
787 2611 818 2675 iu
847 2611 948 2676 causis
979 2609 1275 2689 matrimonialibus,
1307 2628 1376 2674 cum

143 2709 244 2776 adfuit
267 2712 402 2779 incestus
425 2713 575 2796 publicus,
600 2715 768 2779 clausulam
789 2716 967 2798 sequemcm
984 2713 1015 2778 ia
1032 2715 1185 2796 praesenti
1201 2715 1376 2780 contineat:

145 2815 304 2896 »Remota
324 2819 474 2900 anabuns
497 2817 589 2897 adsit,
612 2818 765 2896 scandalo,
790 2817 969 2902 praesertim
993 2837 1047 2901 par
1065 2817 1299 2901 separationem,
1319 2871 1326 2886 .
1344 2867 1376 2885 ..

142 2919 169 2983 si
192 2919 257 2984 lieri
282 2922 412 3002 potost.‹

245 3023 338 3088 Hisce
361 3025 540 3092 miserrimis
563 3026 761 3109 temporibus,
786 3045 842 3091 nou
867 3045 934 3091 raro
957 3028 1114 3092 eremitat
1135 3027 1288 3110 separatio
1308 3046 1376 3091 orn·

142 3130 243 3192 torum
266 3128 397 3194 obtineri
422 3133 568 3214 nequeat,
601 3132 657 3195 ant
686 3132 759 3215 quia
787 3131 888 3212 plures
915 3129 982 3214 jam
1010 3129 1126 3195 babent
1149 3130 1260 3196 liberos
1283 3129 1376 3196 simul

142 3230 324 3310 educandas,
345 3237 401 3300 nat
421 3235 495 3318 qnia
516 3255 666 3320 nusquam
692 3235 766 3300 alibi
788 3235 929 3300 babitare
954 3238 1097 3317 passurum
1121 3237 1152 3300 ot
1174 3237 1249 3300 tuuc
1266 3235 1313 3300 rix
1331 3234 1374 3298 in-

142 3335 244 3419 telligi
268 3339 368 3420 potest
389 3357 540 3422 quaenam
563 3339 626 3405 alia
648 3340 800 3424 reparatio
819 3338 955 3405 scandali
972 3337 1052 3424 exigi
1069 3339 1190 3417 debeat,
1212 3341 1376 3422 autequam

141 3439 329 3524 dispensatio
352 3442 545 3510 concedatur.

245 3545 400 3630 Rogamus
430 3547 529 3632 igitar
558 3549 592 3614 ut
622 3547 652 3616 S.
683 3545 925 3613 Paenitentiaria
955 3546 1086 3631 benigue
1116 3546 1192 3612 velit
1222 3545 1378 3611 declarare

140 3669 214 3715 num
240 3657 313 3715 baec
335 3650 474 3717 clausula
497 3653 631 3718 »remota
646 3651 809 3717 scandalo«
834 3651 880 3716 ita
897 3651 1067 3716 mansuaria
1081 3649 1193 3716 dabant
1207 3650 1377 3734 adimpleri,

142 3757 186 3832 ut,
209 3753 264 3820 illa
286 3756 419 3834 omissa,
442 3755 630 3840 dispensatio
654 3756 747 3821 luerit
770 3756 895 3822 aniliter
918 3773 1077 3834 concessa,
1102 3759 1135 3820 et
1154 3757 1308 3840 quatenus
1330 3755 1377 3819 ai·

142 3859 312 3926 firmativo:

248 3967 280 4027 1⁰
302 3965 379 4029 Cum
402 3963 518 4047 pluries
539 3963 688 4032 acciderit
709 3967 747 4030 ut
779 3983 879 4030 errore
909 3963 995 4030 ducti
1021 3964 1067 4030 ita
1090 3962 1378 4045 dispensarerimus,

140 4066 321 4150 suppliciter
341 4067 476 4153 petimus
499 4072 534 4135 ut
556 4068 586 4136 S.
611 4068 648 4135 V.
672 4067 915 4152 dispensationes
938 4066 1112 4152 hujusmodi
1143 4067 1275 4152 benigna
1307 4085 1378 4134 cou-

142 4172 276 4237 validare
298 4171 452 4257 dignetur,
473 4176 515 4249 et,
538 4172 562 4240 si
587 4192 662 4256 opus
684 4172 735 4251 sit,
761 4171 957 4238 rautrimania
979 4171 1086 4238 ariade
1101 4175 1210 4238 secula
1226 4174 1258 4236 ia
1274 4170 1377 4237 radica

140 4295 259 4342 sanare.

244 4381 278 4444 2⁰
301 4381 457 4464 Rogamus
476 4382 511 4446 ut
533 4379 563 4446 S.
588 4380 828 4447 Paenitentiama
849 4380 935 4444 uobis
953 4379 1028 4445 uelit
1043 4379 1179 4444 iudicare
1194 4379 1377 4463 quibusnam

139 4485 320 4568 praesertim
345 4483 453 4550 mediis
474 4485 602 4552 remotio
622 4502 676 4552 sau
694 4484 845 4568 reparatio
860 4483 1007 4562 scandali,
1032 4483 1153 4549 deiecta
1167 4481 1379 4568 separationis,

140 4589 293 4674 procurari
318 4589 431 4656 debeat
453 4591 508 4656 aut
530 4588 635 4674 possit
681 4588 860 4672 Siridcituc,
892 4609 920 4654 r.
944 4607 992 4673 g.,
1025 4593 1060 4655 ut
1090 4589 1121 4653 in
1145 4587 1274 4654 ecclesia
1296 4587 1378 4652 inter
