3208 4768
226 201 286 268 176
367 220 496 275 Decreta
511 235 535 274 a.
553 235 658 292 conpr.
679 220 737 274 lta't.
756 225 785 275 et
805 220 895 274 Poen.
915 235 963 290 ap.
983 226 1093 277 eontra
1114 237 1220 277 cerem.
1240 225 1328 292 pottt.

219 369 443 476 quum'timoat
464 411 502 457 ne
523 391 641 456 occasio
664 391 847 475 praebeatur
869 391 942 457 rixis
964 393 997 456 et
1019 393 1315 476 perturbationibus,
1344 393 1405 460 imo
1428 398 1460 460 et

219 496 355 562 evidenti
378 496 564 579 despectioni
596 496 675 581 legis
702 496 826 561 diuinae
856 495 950 562 simul
980 500 1012 562 et
1038 497 1282 577 ecclesiastieae,
1318 499 1344 563 si
1374 503 1461 582 petat

219 601 325 666 eadem
347 603 434 666 extre
456 600 616 665 ecelesiam
637 601 808 676 retinenda,
832 603 888 665 aut
911 619 948 667 aa
967 601 1191 667 introducenda
1213 603 1410 686 proscribat?

324 706 402 770 Dub.
427 703 481 771 lV.
509 703 669 786 Quatenus
691 724 762 770 vero
783 724 842 770 nou
866 705 961 771 liceat
974 707 1107 772 tolerare
1123 709 1329 789 praesentiam
1345 709 1458 774 talium

219 809 399 876 vexillorum
434 811 465 874 iu
497 809 643 884 ecclesie,
679 810 718 874 iis
754 809 919 876 renidentis
947 809 1192 876 circumstantiis
1224 811 1261 876 de
1290 811 1402 895 quibus
1429 813 1461 876 in

220 912 299 978 Dub.
323 913 388 991 Ill,
419 933 458 978 an
490 913 601 978 debeat
630 913 798 997 parochus,
831 914 869 978 iis
899 913 930 977 in
960 915 1099 990 ensibus,
1136 915 1220 979 laeta
1251 915 1456 995 intimatione,

217 1017 402 1101 suspendere
423 1035 527 1082 sacras
550 1017 732 1096 lunationes,
756 1019 796 1096 et
821 1019 847 1082 si
870 1036 928 1082 non
952 1017 1106 1096 audiatur,
1130 1018 1312 1086 discedere?

320 1121 414 1186 Sacra
444 1140 514 1186 vero
543 1120 651 1186 eadem
682 1120 888 1205 Congregatio
919 1120 959 1186 ad
986 1122 1166 1188 relationem
1190 1123 1378 1207 infrascripti
1403 1121 1458 1190 Se·
1557 1209 1561 1216 ⁵

217 1225 343 1292 cretarii
372 1226 584 1311 exquisitaque
615 1227 684 1292 voto
707 1226 836 1291 alterius
858 1245 893 1291 ex
917 1226 1163 1309 Apostolicorum
1188 1227 1458 1293 caeremoniarum

220 1329 390 1413 Magistris,
413 1331 554 1395 omnibus
578 1332 697 1395 mature
720 1329 890 1414 perpensis,
914 1330 959 1394 ita
981 1331 1145 1415 propositis
1168 1329 1270 1396 dubiis
1290 1332 1458 1397 rescriben-

216 1433 289 1498 dum
313 1435 443 1512 censuit,
466 1434 627 1499 videlieet:

319 1540 367 1605 Ad
398 1539 421 1604 l.
452 1575 495 1586 --
524 1539 598 1605 Non
628 1539 722 1604 licere
752 1539 916 1605 admittere
947 1540 1012 1605 arei
1041 1539 1158 1604 cecilia
1179 1540 1327 1623 retipioaa
1349 1546 1378 1606 et
1394 1559 1457 1622 pro

215 1647 325 1730 quida
346 1644 498 1710 habeatur
514 1645 656 1726 samnia
678 1646 712 1709 in
736 1644 862 1710 Ritnali
886 1645 1039 1711 &mana

317 1750 366 1815 Ad
391 1748 431 1817 11.
460 1785 498 1796 —
524 1748 692 1814 Hordeum
710 1749 746 1814 in
766 1749 881 1830 primo.

319 1853 366 1921 Ad
392 1851 441 1920 llI
463 1855 495 1918 et
520 1852 572 1919 lV.
599 1889 636 1900 —
661 1853 866 1920 intimatione
884 1853 973 1936 saeta
994 1853 1207 1918 antecedenter
1215 1855 1312 1936 jacta
1327 1859 1457 1919 menum

214 1960 334 2028 Sacrae
356 1957 619 2042 Conprepationis,
644 1957 806 2024 Paroctus
828 1977 862 2024 se
880 1958 1044 2023 adstarent.

317 2063 421 2146 Atqm
444 2063 489 2128 ita
513 2063 668 2145 rescripsit
690 2064 723 2127 et
744 2063 859 2128 serrari
883 2061 1051 2128 mandant.

318 2167 376 2232 llie
400 2167 448 2234 14.
472 2165 658 2234 Juli1887.

558 2305 606 2372 ΙΙ.
653 2303 787 2372 Decreta
808 2327 834 2373 s.
861 2305 979 2372 Poemit.
1003 2310 1103 2387 apost.

463 2434 492 2493 1.
529 2429 571 2493 Te
593 2427 696 2494 Deam
717 2429 822 2512 quoad
844 2427 1035 2494 samarias
1051 2425 1208 2509 poldicas.

316 2551 375 2616 Pro
406 2551 493 2633 parte
526 2549 739 2614 nonnullorum
771 2549 801 2614 in
834 2548 928 2615 ltalia
963 2549 1140 2614 Praesulum
1173 2546 1363 2631 postulatum
1394 2549 1452 2626 est,

212 2655 316 2720 utrum
340 2654 497 2720 occasione
519 2653 604 2731 belli,
627 2653 708 2737 quod
728 2652 759 2719 iu
783 2654 888 2719 Attica
907 2653 1036 2737 geritur,
1059 2653 1193 2718 locorum
1209 2651 1376 2729 Ordiuarii,
1397 2651 1452 2716 ubi

211 2757 507 2842 tuerintrequisiti,
536 2758 715 2841 permittere
746 2759 871 2823 valeant
902 2757 1069 2823 solemnem
1098 2760 1225 2822 cantum
1249 2755 1355 2840 hymni
1382 2774 1452 2820 am·

212 2862 362 2940 brosiani,
392 2865 419 2928 si
449 2862 526 2926 illud
556 2863 645 2927 Italis
668 2863 744 2928 bene
767 2863 875 2940 cedat,
907 2861 954 2927 vel
986 2861 1128 2927 funebres
1150 2860 1357 2927 caeremonias
1379 2879 1451 2925 cum

211 2967 307 3034 ldissa
329 2967 485 3033 celebrare
508 2985 561 3051 pro
582 2966 623 3030 iis
646 2967 698 3051 qui
723 2967 752 3032 in
777 2966 857 3033 bello
877 2967 944 3050 ipso
967 2965 1165 3035 decesserint.

313 3071 407 3138 Sacra
437 3071 693 3148 Paenitentiaria,
729 3071 773 3137 sie
802 3072 956 3137 aunuente
986 3068 1188 3138 Sanctissimo
1219 3070 1256 3137 b.
1279 3068 1318 3135 li.
1347 3069 1451 3136 Lena

211 3175 279 3242 PP.
306 3175 428 3254 XIIL,
452 3176 523 3240 huic
546 3175 700 3259 postulato
722 3175 905 3260 respondet:
940 3175 1083 3242 Permitti
1105 3193 1209 3258 posse,
1233 3176 1269 3240 ut
1291 3173 1449 3240 occasione

209 3279 247 3344 de
269 3299 331 3364 qua
353 3279 522 3365 quaeritur,
546 3299 564 3344 a
582 3279 725 3346 Parecbis
741 3280 873 3364 aliisquo
889 3279 1106 3345 ecclesiasticis
1123 3279 1195 3345 viris
1214 3280 1343 3344 canatur
1359 3277 1449 3362 hym·

209 3403 266 3450 uus
290 3385 502 3450 ambrosianus
525 3385 588 3450 solo
611 3384 684 3463 tine,
713 3385 766 3469 qui
789 3385 910 3468 publice
934 3384 1162 3462 manifestetur,
1195 3385 1313 3468 gratias
1336 3381 1449 3467 agendi

211 3487 274 3556 Deo
297 3508 350 3573 pro
374 3489 543 3555 amatione
566 3489 657 3566 belli;
689 3489 734 3555 ita
764 3492 868 3555 tamen
897 3492 934 3555 ut
955 3491 1025 3573 post
1048 3490 1195 3574 hymnum
1218 3487 1447 3553 ambrosianum

208 3593 377 3658 recitentur
406 3593 549 3658 versiculi
572 3596 693 3659 teritum
718 3612 894 3660 commones
917 3596 949 3659 et
969 3593 1059 3658 unica
1078 3593 1175 3659 oratio
1196 3611 1251 3677 pro
1274 3593 1447 3676 gratiarum

207 3699 345 3778 actione,
367 3697 479 3764 omisso
502 3717 693 3782 quocumque
720 3697 781 3764 alin
804 3698 954 3766 versiculo
977 3701 1010 3762 et
1032 3699 1189 3775 oratiouo;
1221 3697 1357 3782 itemque
1377 3713 1449 3778 per·
1580 3739 1581 3752 .

208 3803 292 3868 mitti
316 3820 402 3885 posse
422 3805 457 3868 ut
471 3805 701 3869 sacrosanctum
717 3802 903 3868 sacrificium
921 3802 1060 3888 aliaeque
1079 3801 1221 3868 funebres
1237 3799 1448 3866 caeremoniae

206 3906 398 3973 celebrentur
420 3907 484 3972 solo
506 3907 566 3971 line
589 3906 642 3991 qui
665 3911 756 3974 notus
778 3909 894 3991 pariter
918 3907 983 3984 liat,
1008 3905 1193 3990 piacularem
1217 3923 1305 3990 opem
1329 3903 1447 3968 terendi

206 4012 369 4078 animabus
403 4009 638 4086 detunctorum,
672 4012 745 4094 quin
780 4011 954 4077 habeantur
985 4030 1039 4077 nec
1072 4031 1091 4076 a
1122 4010 1195 4075 viris
1229 4007 1448 4074 ecelesiasticis

205 4117 348 4182 funereae
369 4115 533 4183 orationes.
576 4114 752 4181 cavendum
775 4117 917 4192 omnino,
948 4136 985 4182 ne
1016 4115 1093 4181 baec
1121 4115 1225 4180 omnia
1247 4114 1279 4178 in
1302 4111 1447 4197 politicos
1579 4199 1580 4208 ἵ

205 4239 311 4288 seusus
334 4219 583 4306 detorqueantur.
618 4218 774 4286 Ordiuarii
797 4241 866 4288 vero
889 4223 928 4288 ab
953 4219 1130 4304 an'usmodi
1154 4217 1361 4284 iunctionibos
1377 4235 1446 4282 sese

207 4325 393 4392 abstineant.

311 4428 426 4493 Datum
449 4427 563 4494 &mae
584 4426 634 4493 die
659 4429 709 4496 13.
734 4429 839 4495 ldartii
864 4429 957 4495 1888.

758 4533 863 4616 Rapit.
888 4533 979 4602 Oard.
1003 4533 1140 4600 Menace
1166 4533 1200 4598 P.
1224 4531 1266 4597 ll.

670 4635 754 4721 Hyp.
778 4636 854 4704 Cau.
878 4637 1022 4706 Palumbi
1044 4637 1076 4708 S.
1100 4639 1132 4706 P.
1155 4635 1354 4704 secretarius.
