3208 4768
213 183 275 247 194
364 201 423 256 bit.
442 202 522 257 brev.
544 202 588 256 12.
607 201 688 272 Sept.
706 202 779 258 1891
798 204 835 258 de
851 219 952 272 pruna
971 203 1101 260 duellor.
1121 205 1298 260 consuetud.

314 376 472 440 Postremo
485 393 590 440 recens
603 377 700 453 aetas,
716 393 792 458 quae
807 394 839 440 se
854 374 952 440 iactat
970 375 1149 442 humaniore
1165 377 1253 442 cultu
1270 396 1447 462 morumque

209 481 364 564 elegantia
394 480 484 562 longe
516 479 723 563 superioribus
754 479 884 544 saeculis
906 480 1105 560 antecellere,
1133 483 1218 565 parri
1241 481 1371 565 pendere
1394 501 1445 547 re·

205 585 339 652 tustiora
361 584 505 650 instituta
527 584 685 649 consuerit
707 603 743 649 ec
766 583 896 649 nimium
919 603 1009 668 saepe
1033 604 1184 670 respuere,
1206 585 1355 670 quidquid
1376 605 1444 650 cnm
1542 653 1544 658 ,

207 691 306 757 colore
328 690 480 774 discrepet
503 689 679 754 recentioris
702 687 899 753 urbanitatis.
944 687 1024 770 Quid
1052 691 1100 754 est
1129 691 1246 775 igitur,
1278 691 1358 774 quod
1390 690 1446 754 has

207 796 421 860 antummodo
443 793 574 858 rudioris
597 793 665 858 aevi
689 811 724 857 ac
747 795 926 877 peregrinae
942 794 1104 859 barbariae
1121 794 1273 878 ignobiles
1289 795 1445 879 reliquias,

206 899 301 965 duelli
322 917 437 963 morem
460 897 674 981 intelligimus,
698 897 729 960 in
754 899 842 961 tento
864 897 1067 964 humanitatis
1082 898 1186 963 studio
1204 918 1262 964 uon
1280 900 1445 982 repudiat?

309 1003 454 1069 Vestrum
471 1003 538 1079 erit,
556 1001 753 1066 venerabiles
771 1001 904 1080 tratres,
924 1001 1010 1081 haec,
1031 1021 1109 1086 quae
1125 1003 1258 1068 breviter
1271 1005 1444 1088 attigimus,

206 1110 358 1175 inculcare
381 1107 547 1192 diligenter
570 1107 750 1190 populorum
776 1110 946 1171 vestrorum
969 1107 1092 1185 animis,
1117 1126 1154 1172 ne
1178 1108 1271 1174 falsas
1287 1108 1345 1172 bac
1359 1107 1397 1172 de
1412 1127 1443 1173 re

204 1213 359 1297 opiniones
382 1216 497 1276 temere
519 1211 693 1294 excipiant,
725 1230 784 1275 neu
815 1211 888 1276 ferri
918 1230 951 1278 se
976 1211 1123 1276 leviorum
1149 1212 1307 1277 hominurn
1331 1211 1444 1278 iudicio

205 1319 372 1401 patiantur.
413 1317 492 1382 Date
512 1333 635 1398 operam
655 1315 838 1380 nominatim
863 1316 898 1380 ut
919 1315 1045 1382 iuvenes
1070 1317 1190 1382 mature
1213 1320 1393 1382 assuescant
1412 1315 1442 1380 id

205 1423 242 1486 de
265 1421 366 1486 duello
389 1421 504 1486 sentire
528 1423 560 1484 et
582 1419 736 1496 indicare,
757 1419 837 1504 quod
859 1421 1066 1485 consentiente
1090 1420 1226 1485 naturali
1250 1421 1444 1503 philosophia

203 1525 320 1591 iudicat
342 1545 378 1590 aa
399 1525 494 1590 sentit
517 1524 676 1603 Ecclesia;
712 1524 750 1588 ab
782 1543 877 1607 eoque
911 1524 1024 1589 iudicio
1057 1543 1194 1590 normam
1226 1525 1338 1609 agendi
1371 1543 1442 1588 con-

202 1633 322 1696 stanter
345 1631 478 1694 sumant.
518 1628 698 1711 immoque
723 1629 810 1694 modo
834 1628 948 1694 alicubi
969 1631 1127 1712 receptum
1149 1629 1367 1694 consuetudine
1383 1630 1439 1704 est,

203 1739 238 1801 ut
260 1734 404 1800 catholici
427 1735 604 1818 praesertim
625 1733 763 1799 florentis
787 1735 901 1800 aetatis
929 1734 988 1798 sibi
1019 1737 1129 1817 sponte
1161 1735 1365 1817 perpetuoque
1394 1733 1441 1798 iu-

159 1849 162 1852 '
202 1839 355 1905 terdicant
375 1857 482 1903 nomen
499 1837 571 1902 dare
586 1837 785 1903 societatibus
801 1856 860 1903 non
876 1837 1020 1914 honestis,
1046 1838 1112 1920 pari
1129 1837 1217 1902 modo
1233 1841 1437 1920 opportunum

202 1943 342 2008 ducimus
364 1961 401 2006 ao
422 1941 511 2006 valde
534 1942 682 2018 salutare,
704 1942 826 2007 eosdem
850 1944 934 2008 velut
956 1941 1062 2008 foedus
1085 1943 1166 2007 iuter
1181 1963 1213 2008 se
1229 1943 1338 2021 lacere,
1364 1943 1438 2006 deta

201 2047 261 2112 lide
285 2047 369 2113 nullo
392 2065 424 2111 se
445 2049 581 2128 tempore
604 2046 749 2129 nulleque
774 2046 809 2112 de
832 2033 927 2112 causa
950 2046 1051 2112 duello
1074 2045 1283 2114 dimicaturos.

304 2151 462 2234 Supplices
485 2171 503 2214 a
529 2151 589 2215 Deo
613 2152 761 2233 petimus,
793 2154 829 2215 ut
859 2152 1034 2216 communia
1065 2154 1175 2216 conatu
1199 2153 1303 2218 nostra
1327 2151 1440 2214 virtute

200 2256 325 2321 caelesti
347 2255 536 2332 corroboret,
560 2255 701 2337 quodque
724 2274 777 2338 pro
799 2256 900 2320 salute
920 2255 1061 2338 publica,
1091 2275 1145 2338 pro
1168 2256 1348 2339 integritate
1371 2273 1437 2319 rno-

201 2379 268 2424 rum
289 2359 431 2442 uitaeque
454 2359 641 2424 christianae
665 2360 814 2432 volumus.
841 2360 870 2424 id
894 2359 1025 2444 benigne
1050 2359 1211 2443 largiatur.
1258 2359 1438 2424 Divinorum

201 2484 271 2530 vero
290 2483 452 2530 munerum
472 2465 626 2548 auspicem
654 2464 787 2546 itemque
810 2464 1039 2529 benevolentiae
1060 2464 1191 2561 blostrae
1210 2466 1321 2529 testem
1343 2463 1438 2540 vobis,

202 2568 397 2636 venerabiles
415 2567 547 2648 Fratres,
564 2567 773 2652 Apostolicam
792 2567 1034 2634 benedictionem
1052 2571 1243 2651 peramanter
1257 2568 1289 2633 iu
1307 2565 1438 2632 Domino

199 2673 404 2757 impertimus.

302 2778 418 2843 Datum
444 2778 557 2843 Romae
586 2777 667 2860 apud
697 2775 727 2842 S.
752 2777 877 2842 Petrum
902 2776 953 2842 die
977 2778 1024 2842 12.
1050 2775 1240 2859 Septembris
1269 2795 1320 2841 an.
1344 2775 1438 2851 1891,

200 2881 402 2950 Pontificatus
425 2881 532 2948 Nostri
556 2881 806 2967 Decimoquarto.

1024 2985 1088 3052 Lao
1111 2985 1148 3052 P.
1163 2983 1199 3049 P.
1227 2982 1332 3050 XIII.
