3208 4768
168 213 257 269 Decr.
274 229 299 268 a.
319 211 430 284 Oonpr.
450 211 506 282 Off.
526 214 566 266 11.
587 213 670 270 Jarrr
690 213 781 269 1886:
800 216 874 270 dtas.
886 219 978 268 matr.
996 231 1083 270 conv.
1096 213 1205 282 trefae.
1221 215 1304 282 fidet.
1347 199 1408 266 183
1463 261 1466 267 ,

162 386 194 450 in
215 384 375 451 audientia
398 383 504 449 habits
526 404 545 450 a
568 403 616 449 me
644 384 802 452 (lardicali
832 385 993 452 Praefecto
1022 385 1072 451 die
1098 387 1147 452 12.
1171 387 1290 470 Aprilis
1315 387 1408 468 1891,

164 489 321 556 Sanctitas
358 487 421 554 Sna
457 490 658 555 resolutiones
691 489 722 558 S.
758 490 1016 575 congregationis
1049 491 1232 574 approbavit
1269 495 1303 558 et
1336 511 1408 559 cen-

164 595 308 662 firmarit.
355 592 526 660 Contrariis
548 593 793 678 quibuscumque
815 614 874 661 non
898 595 1105 661 obstantibus.

269 698 384 762 Datum
411 699 524 763 Romae
546 717 581 762 er
604 697 778 765 Secretaria
800 700 939 784 ejusdem
962 697 993 766 S.
1009 699 1263 783 Congregationis
1283 699 1409 784 ldpisco-

164 821 271 886 porum
295 804 327 866 et
351 802 563 886 ltegnlarium,
587 801 636 867 die
662 803 711 867 15.
737 803 854 886 Aprilis
879 803 973 870 1891.

785 909 820 975 J.
845 908 937 976 Oard.
965 907 1076 992 Verpa,
1102 907 1201 974 Praei.

666 1013 714 1080 cr.
739 1013 892 1098 Aloysias
916 1013 997 1096 Elpis.
1022 1011 1214 1090 Callinicen„
1238 1012 1320 1078 Scor.

480 1169 542 1237 IV.
578 1167 714 1235 Decreta
735 1192 760 1236 e.
785 1168 899 1254 Oonpr.
922 1191 947 1236 s.
973 1167 1089 1252 Officii.

511 1307 540 1364 1.
572 1300 668 1366 Deer.
692 1300 766 1369 dd.
791 1307 842 1368 11.
867 1299 954 1367 Jalii
976 1303 1072 1366 1886.

307 1417 483 1486 Dissotutio
504 1423 701 1488 matrimonii
722 1441 940 1488 connerwmm
961 1422 997 1490 r'rr
1017 1423 1159 1501 facerem
1181 1421 1266 1504 fidei.

424 1541 462 1608 A.
486 1579 529 1590 -
552 1544 767 1628 Quaestionem

266 1658 291 1725 l.
314 1657 481 1738 Quaeritur
504 1657 607 1721 utrum
631 1656 820 1739 dispensatio
841 1675 859 1719 a
879 1655 1000 1721 vinculo
1019 1655 1220 1732 matrimonii,
1244 1673 1322 1738 qnae
1338 1654 1407 1720 dari

162 1764 242 1830 solet
265 1764 303 1828 ab
329 1761 473 1837 Ecclesia,
497 1761 604 1844 positis
627 1762 784 1844 ponendis,
805 1763 875 1844 post
899 1762 1085 1844 baptismum
1110 1759 1201 1824 unias
1220 1758 1330 1843 partis,
1354 1779 1407 1843 po·

163 1869 225 1932 tesi
251 1866 397 1951 applicari
420 1865 451 1931 in
476 1883 549 1930 casu
571 1866 601 1928 in
626 1883 686 1948 quo
710 1866 777 1948 post
799 1865 988 1948 baptismum
1006 1864 1106 1942 nnius,
1130 1865 1209 1929 duae
1224 1867 1328 1947 partes
1348 1882 1406 1929 non

164 1973 324 2037 cessarant
348 1972 458 2035 babere
481 1970 714 2048 connexionem,
739 1969 771 2033 et
795 1971 1047 2035 consummarunt
1071 1969 1302 2035 matrimonium
1326 1969 1408 2035 sient

163 2079 236 2141 ante
260 2073 475 2159 baptismum?

266 2180 306 2244 ll.
335 2179 567 2244 Matrimonium
592 2178 693 2243 valide
716 2180 908 2244 contractum
932 2181 1004 2242 ante
1025 2177 1215 2260 baptismum
1231 2177 1405 2242 interduos

162 2283 302 2350 infideles
326 2286 467 2366 potestne
490 2283 632 2362 dissolri,
656 2283 797 2367 quando,
821 2287 889 2365 pest
913 2281 1101 2364 baptismam
1124 2282 1234 2358 unius,
1265 2300 1335 2364 pars
1359 2283 1404 2345 in·

163 2387 264 2453 tidelis
294 2389 450 2472 promittit
478 2387 600 2470 quidem
628 2407 660 2452 se
691 2407 748 2452 non
778 2386 951 2470 inquietare
973 2386 1133 2451 mulierem
1160 2386 1349 2469 baptizatam
1373 2385 1404 2451 in

162 2493 349 2575 professione
376 2491 641 2568 Christianitatis,
673 2492 726 2557 sed
760 2492 814 2556 ille
847 2495 969 2556 recusat
1004 2490 1161 2555 dimittere
1193 2491 1272 2555 alias
1301 2509 1406 2556 uxores

161 2595 367 2682 illegitimas,
401 2595 449 2661 rel
479 2615 536 2661 non
567 2596 634 2661 salt
662 2597 842 2679 promittere
866 2614 899 2660 se
918 2595 1111 2659 serratarum
1135 2595 1220 2678 leges
1243 2594 1404 2678 llrangelii

161 2703 246 2767 circa
269 2701 522 2784 monogamiam?

265 2801 325 2872 Ill.
350 2805 385 2869 ln
408 2824 481 2870 casn
505 2804 710 2888 praecedenti,
732 2805 758 2868 si
776 2804 1007 2870 matrimonium
1024 2801 1148 2869 dissolri
1166 2805 1277 2885 potest,
1294 2803 1405 2868 rnnlier

160 2909 319 2993 baptizata
341 2909 503 2974 tenetnme
527 2929 681 2976 recurrere
704 2909 742 2972 ad
767 2907 1025 2993 dispensationem
1051 2925 1104 2990 pro
1120 2905 1322 2973 dissolutione
1338 2925 1403 2973 ma·

159 3013 327 3080 trimcniil

263 3117 318 3186 1v.
354 3117 467 3182 Mulier
499 3116 660 3200 baptizata
696 3119 837 3200 potestus
871 3133 1028 3183 recurrere
1060 3115 1100 3182 ad
1134 3114 1405 3198 dispensationem,

159 3222 283 3308 quande
306 3221 478 3306 praenoscit
500 3221 590 3304 quod,
617 3221 700 3286 tacta
715 3220 915 3287 dissolutione
932 3219 1130 3298 matrimonii,
1155 3219 1297 3285 educatio
1312 3219 1405 3302 prolis

160 3329 356 3410 susceptatae
381 3327 503 3410 penitus
526 3326 585 3391 erit
605 3325 635 3388 in
661 3326 813 3408 potestate
836 3324 892 3388 riri
916 3325 982 3408 ejas
1006 3323 1164 3388 infidelis?

265 3430 301 3497 V.
333 3429 365 3495 Si
396 3431 584 3514 dispensatio
615 3428 680 3494 dari
709 3449 767 3492 uon
792 3429 911 3511 potest,
944 3427 1056 3493 mulier
1087 3427 1229 3512 legitima
1259 3447 1337 3513 quae
1368 3428 1405 3494 fit

160 3535 341 3611 christiana,
365 3537 433 3618 post
455 3535 681 3600 conversionem
703 3535 847 3616 potestne
870 3531 1047 3598 cohabitare
1071 3552 1140 3597 cnm
1159 3533 1271 3599 marito
1286 3532 1405 3598 infideli

159 3639 211 3723 qui
236 3638 330 3704 dmul
353 3639 385 3704 in
406 3639 514 3703 eadem
538 3638 627 3704 dorne
651 3638 765 3702 retinet
786 3655 895 3704 uxores
917 3637 995 3702 alias
1018 3636 1228 3721 illegitimas?

266 3742 318 3807 Vl.
344 3741 451 3808 Puella
473 3742 652 3820 christiana,
676 3742 805 3807 obtenta
828 3742 1053 3825 dispensatione
1076 3740 1270 3823 disparitatis
1289 3741 1403 3820 cultus,

160 3849 303 3930 potestne
324 3847 464 3930 legitime
488 3847 668 3912 contrahere
692 3846 925 3912 matrimonium
950 3864 1019 3910 cnm
1043 3844 1160 3910 infideli
1184 3844 1237 3928 qni
1260 3863 1318 3910 non
1334 3863 1404 3928 pro·

161 3950 262 4017 mittit
284 3969 317 4016 se
340 3969 359 4014 a
383 3950 559 4036 polygamia
584 3949 740 4017 abstinere
763 3953 794 4016 in
817 3951 981 4016 tatarum?

265 4055 336 4121 Vll.
370 4053 501 4132 Rertba,
525 4054 626 4122 adbuc
650 4055 798 4134 infidelis,
826 4055 982 4122 contrabit
1007 4055 1240 4121 Matrimonium
1263 4071 1333 4118 cunr
1355 4053 1404 4118 in·

160 4159 244 4225 fideli
267 4160 373 4227 statim
396 4178 432 4223 ac
456 4159 655 4244 pervenitad
685 4179 780 4226 annos
808 4159 999 4243 pubertatis;
1032 4161 1065 4226 et
1098 4161 1168 4244 pest
1198 4158 1276 4224 dnos
1309 4175 1404 4223 annos

160 4263 309 4348 relinquit
331 4267 431 4329 virum
455 4283 554 4342 suurrn,
578 4263 665 4328 nulla
687 4266 829 4348 suscepta
851 4265 944 4347 prole,
970 4265 1001 4330 et
1019 4264 1109 4328 ambo
1125 4264 1253 4330 currunt
1268 4261 1305 4328 ad
1324 4263 1403 4328 alias

161 4368 295 4456 nuptias,
320 4370 381 4434 imo
403 4369 451 4434 vir
474 4369 587 4452 accipit
611 4368 760 4452 plurimas
784 4385 890 4434 uxores
910 4368 942 4434 et
966 4367 1001 4433 ut
1019 4367 1212 4453 polygemns.
1246 4365 1305 4432 Sed
1323 4386 1403 4434 nnnc

161 4473 272 4538 mulier
294 4475 398 4539 aetate
417 4476 579 4557 prosecta,
604 4473 711 4538 andito
733 4473 946 4550 missionem,
972 4472 1039 4537 rnlt
1062 4472 1231 4556 baptizari:
1263 4471 1403 4554 potestne

158 4577 214 4644 illa
237 4576 349 4644 mulier
371 4578 541 4664 dispensari
564 4598 583 4644 a
606 4578 729 4644 uinculo
753 4576 943 4644 matrimonii
965 4577 1116 4642 contracti
1137 4595 1207 4642 cnm
1222 4575 1322 4659 primo
1336 4593 1402 4640 ma·
