3194 4776
219 183 282 246 238
355 199 418 255 nee
438 201 506 254 cem
527 199 784 270 saprico-nocue
803 199 857 254 oce
878 199 990 254 aaran.
1013 198 1340 256 succinctionem.

217 373 345 437 seeretis
367 370 515 454 capituli,
545 372 598 437 sed
630 373 777 454 tauquam
815 371 987 436 membrum
1017 371 1175 454 putridum
1200 371 1366 456 abjiciatur
1387 375 1462 438 eta

217 476 372 541 consoreio
400 494 523 540 suorum
555 475 745 541 confratrum
769 477 800 540 ct
823 494 842 540 a
864 474 1086 540 communitate
1109 475 1238 558 capituli
1263 476 1386 560 penitus
1408 497 1460 542 ex-

216 581 361 645 cludatur
383 581 414 645 et
434 579 612 645 nullatenus
632 579 828 644 admittatur.

318 683 347 768 ξ.
371 685 400 750 8.
426 683 517 762 Item,
538 683 617 768 quod
643 683 746 750 nullus
768 683 895 766 ignotus
916 685 971 748 aut
988 684 1026 748 de
1041 683 1181 766 partibus
1197 685 1324 750 remotis
1340 685 1460 750 advena

214 806 246 854 se
266 789 304 855 ad
328 807 431 853 sacros
455 807 593 854 asserens
615 787 791 852 ordinatum
816 787 854 852 ad
878 787 983 853 divina
1006 789 1171 854 missarum
1204 789 1355 854 solemnia
1382 809 1459 873 quo·

213 911 332 976 cunque
352 893 441 958 modo
465 893 650 958 admittatur
664 891 847 958 celebranda
863 891 994 975 publica,
1018 893 1076 957 uisi
1092 911 1146 976 per
1163 911 1216 958 uos
1232 893 1289 958 aut
1304 895 1456 959 decanum

212 998 287 1062 dieti
311 998 441 1080 capituli
463 997 562 1062 literis
584 995 845 1062 testimonialibus
867 1015 991 1061 suorum
1015 997 1240 1063 ordinariorum
1265 998 1338 1063 visis
1353 1000 1385 1064 et
1400 1016 1457 1081 ap-

213 1101 350 1184 probatis
379 1103 412 1168 et
442 1119 496 1186 per
524 1121 577 1167 noa
609 1103 665 1167 aut
687 1103 805 1166 uoabos
827 1119 1017 1166 successores
1037 1119 1108 1168 oum
1127 1101 1241 1168 litteris
1264 1101 1377 1167 uostris
1400 1104 1457 1167 aut

212 1205 288 1270 dicti
311 1205 439 1289 capituli
467 1205 637 1283 admissus,
668 1205 742 1289 quia
770 1223 860 1288 saepe
888 1207 1079 1288 compertam
1112 1205 1233 1272 videtur
1262 1206 1342 1289 quod
1373 1207 1456 1272 tales

211 1309 309 1394 ignoti
334 1329 391 1374 non
411 1311 544 1394 promoti
566 1314 838 1393 praesumpserunt
858 1309 1048 1393 prophanare
1063 1309 1287 1396 missarumque
1303 1310 1456 1376 solemnia

210 1414 364 1480 celebrare
386 1417 419 1480 et
441 1414 559 1479 animas
581 1411 805 1480 christifideles
829 1411 977 1497 decipere.

313 1519 342 1603 §-
362 1520 394 1584 9.
421 1519 501 1584 Item
523 1517 602 1602 quod
627 1517 730 1582 nullus
753 1516 921 1583 monachus
944 1517 999 1582 aut
1022 1517 1183 1602 religiosus
1205 1519 1238 1583 iu
1261 1519 1378 1584 socium
1403 1537 1454 1584 as·

209 1625 351 1689 sumatur
372 1641 426 1707 per
448 1641 643 1706 quoacunque
666 1621 704 1688 de
727 1622 863 1705 capitulo
887 1622 945 1686 nisi
970 1622 1054 1707 priua
1083 1639 1101 1685 a
1132 1641 1187 1687 auo
1216 1623 1329 1688 abbata
1359 1623 1454 1708 priori

209 1728 255 1793 vel
279 1747 334 1794 suo
356 1728 512 1811 superiore
534 1728 721 1811 potestatem
745 1725 877 1792 habento
901 1726 995 1792 luerit
1016 1726 1215 1803 licentiatus,
1239 1731 1272 1793 et
1297 1727 1354 1792 boc
1373 1727 1454 1812 legi·

208 1831 283 1897 time
315 1850 418 1897 coram
448 1833 534 1898 nobis
564 1833 596 1898 et
628 1831 731 1896 nostro
754 1847 929 1896 successore
949 1830 1089 1896 docuerit
1111 1832 1144 1896 et
1166 1850 1220 1914 per
1242 1849 1297 1896 uos
1320 1837 1375 1896 aut
1396 1832 1453 1897 de-

207 1953 319 2001 canum
351 1937 501 2020 praetacti
532 1935 662 2019 capituli
693 1934 864 2001 literatorie
893 1935 988 2001 luerit
1016 1933 1112 2001 etiam
1139 1934 1317 2001 licentiatus
1340 1937 1372 2001 et
1395 1935 1452 2001 ad·

207 2058 328 2105 miseris.

309 2145 337 2229 §-
361 2145 411 2211 10.
437 2144 518 2209 Item
539 2144 620 2228 quod
644 2145 776 2228 quilibet
796 2146 901 2228 pastor
923 2163 992 2210 cum
1017 2144 1188 2228 capitulum
1204 2141 1368 2211 intraverit
1384 2148 1449 2210 tres

205 2248 257 2313 det
281 2249 412 2315 florenos
441 2249 577 2333 capitulo
616 2251 671 2315 aut
701 2250 923 2333 capitularibus
951 2251 1128 2315 cousuetam
1159 2250 1191 2313 et
1221 2251 1449 2332 competentem

205 2351 412 2419 reiectionem.

307 2458 336 2542 ᾖ.
359 2457 408 2526 ll.
436 2456 517 2522 Item
540 2457 619 2542 quod
640 2459 771 2542 quilibet
794 2457 943 2542 plebanus
967 2476 1019 2540 pro
1041 2475 1097 2522 suo
1120 2459 1251 2524 lutmitu
1266 2456 1354 2522 dabit
1369 2457 1448 2524 duas

202 2561 298 2626 libras
320 2560 506 2627 hallensium
523 2561 679 2628 usualium
702 2562 817 2648 (dabit)
840 2561 986 2645 capitulo.
1014 2560 1074 2628 Sed
1089 2561 1223 2646 quilibet
1237 2561 1448 2645 primisceriue

200 2685 296 2750 quum
318 2665 450 2749 primum
473 2667 638 2732 intraverit
657 2665 843 2748 capitulum,
875 2667 915 2731 ab
943 2665 1008 2749 ipso
1039 2667 1162 2732 tautum
1185 2685 1247 2732 una
1269 2667 1350 2732 libra
1374 2667 1444 2733 hal·

199 2769 332 2835 lensium
353 2770 530 2853 recipiatur.
561 2771 780 2836 Permutautea
802 2769 835 2834 in
858 2769 993 2854 capitulo
1017 2773 1048 2836 et
1069 2768 1099 2834 in
1118 2771 1222 2836 eodem
1244 2772 1443 2838 manentibus
1584 2867 1585 2874 ἵ

200 2875 321 2940 solvant
343 2874 479 2940 medium
501 2874 675 2940 introitum.

303 2979 331 3063 ξ.
347 2979 396 3044 12.
414 2979 494 3044 Item
506 2978 585 3062 quod
600 2978 626 3044 si
640 2973 789 3043 decanum
802 2978 880 3043 dicti
891 2978 1021 3061 capituli
1033 2978 1233 3062 protempore
1243 2980 1445 3062 existentetll

198 3082 408 3168 (existentem)
437 3083 598 3166 contingat
626 3082 790 3162 decedere,
822 3087 933 3148 emano
964 3082 1133 3148 confratres
1155 3081 1194 3150 de
1216 3082 1282 3167 ipso
1305 3083 1445 3168 capitulo

199 3185 356 3252 habebunt
375 3189 407 3251 at
430 3186 544 3252 babere
564 3187 677 3252 debent
699 3188 736 3253 de
759 3187 866 3252 eodem
883 3205 996 3271 equum
1011 3205 1101 3253 suum
1118 3185 1274 3252 meliorem
1291 3190 1324 3253 et
1338 3189 1366 3253 si
1382 3209 1443 3255 uon

198 3289 342 3356 habuerit
364 3307 486 3374 equum,
511 3293 621 3357 extunc
645 3292 803 3358 habebunt
826 3291 921 3374 ipsius
944 3309 1070 3356 vaccam
1095 3291 1252 3358 meliorem
1276 3294 1331 3356 aut
1355 3293 1443 3358 aliud

197 3412 289 3478 pecus
314 3393 423 3459 melius
453 3394 654 3480 quodcunque
686 3394 723 3461 de
745 3396 809 3460 suis
832 3394 992 3478 pecoribus
1013 3413 1065 3478 per
1087 3394 1187 3477 ipsum
1211 3397 1241 3460 in
1261 3415 1318 3462 sua
1342 3401 1443 3464 morte

196 3497 387 3577 derelictum,
411 3500 444 3563 et
465 3499 550 3565 istud
571 3499 630 3583 ipsi
655 3500 788 3566 vendent
811 3503 844 3565 et
867 3517 992 3564 censum
1016 3517 1150 3563 aunuum
1172 3517 1225 3583 pro
1240 3501 1340 3582 pretio
1356 3519 1441 3567 com·

195 3604 350 3687 parabunt
373 3605 404 3668 et
428 3603 535 3669 exinde
559 3605 803 3670 anniversarium
827 3603 927 3669 eidem
951 3603 1142 3668 constituant
1166 3605 1385 3688 peragendum.

298 3707 328 3792 5.
351 3707 400 3773 13.
431 3707 511 3774 item
530 3727 599 3774 cum
624 3708 786 3794 qnisquam
811 3709 890 3774 aliua
911 3708 987 3772 dicti
1010 3707 1140 3791 capituli
1157 3707 1311 3774 confrater
1326 3708 1365 3776 de
1381 3709 1442 3777 boc

195 3809 294 3876 medio
317 3812 410 3878 luerit
432 3813 584 3891 sublatus,
607 3815 645 3878 ab
667 3813 720 3880 ille
743 3812 914 3897 capitulum
932 3811 1059 3878 habebit
1076 3816 1107 3877 et
1123 3812 1237 3879 habere
1252 3813 1344 3881 debet
1360 3814 1440 3881 duaa

192 3915 289 3981 libras
314 3915 497 3982 ballensium
521 3917 677 3984 usualium
699 3916 787 3984 salva
809 3919 912 3982 tamen
933 3916 1071 4000 portione
1095 3917 1256 3982 camerarii
1280 3917 1386 3984 debita
1405 3923 1440 3986 et

192 4021 350 4100 musceta,
371 4023 404 4085 et
427 4021 457 4085 iu
480 4021 596 4087 talibm
617 4022 682 4088 suis
704 4020 907 4087 creditoribus
927 4022 1018 4086 eruut
1039 4023 1073 4086 et
1095 4025 1169 4086 sunt
1192 4022 1376 4104 perferendi.

295 4125 324 4209 fi.
344 4124 392 4192 14.
416 4124 507 4203 Item,
523 4125 605 4210 quod
620 4125 721 4191 dictae
738 4123 882 4208 pecuniae
897 4123 942 4188 sic
956 4126 1098 4209 receptae
1114 4127 1146 4191 et
1161 4126 1268 4192 taliter
1280 4126 1437 4208 cedentes,

193 4231 228 4293 ut
250 4229 477 4312 praescribitur,
509 4247 606 4313 usquc
630 4229 669 4295 ad
692 4247 785 4294 uuam
809 4231 923 4294 certam
948 4249 1101 4296 summam
1121 4231 1152 4294 et
1175 4230 1286 4296 bonam
1309 4232 1438 4315 quanti·
1580 4227 1581 4281 l

190 4333 289 4398 tatem
312 4337 515 4411 reserventur,
539 4341 574 4399 ut
597 4333 704 4400 exinde
727 4351 837 4400 census
855 4334 948 4399 anuoi
965 4333 1089 4400 valeant
1104 4335 1276 4417 comparari
1293 4355 1348 4418 pro
1365 4355 1435 4419 per·

190 4436 333 4502 tinentiis
356 4436 577 4502 distribuendis
599 4439 672 4504 bina
692 4439 758 4504 vice
778 4438 808 4501 in
832 4455 928 4516 auno,
952 4438 1053 4521 prima
1076 4437 1219 4504 videlicet
1240 4439 1316 4505 laria
1338 4441 1435 4506 tertia

189 4540 259 4624 post
280 4540 424 4622 (lentate,
448 4542 480 4606 et
502 4541 567 4606 vice
592 4541 690 4608 altera
712 4540 791 4607 seria
813 4541 907 4606 tertia
928 4544 1000 4608 aute
1016 4541 1202 4608 Cattariuae
1217 4543 1345 4634 virginis
1360 4564 1434 4614 cum
