3194 4776
177 203 348 274 unane,
361 205 504 261 neonem
514 203 837 274 Rapaces-nemeae
850 201 966 259 uerae.
977 204 1293 261 naeeracnneauaa.
1337 186 1399 252 241

153 375 275 442 dederit
297 375 408 455 locum,
432 395 520 442 secus
543 375 692 441 iacientes
715 375 827 441 iterum
848 373 970 442 solvant
993 375 1067 440 dnos
1084 373 1197 440 solidos
1213 375 1397 442 hallensium

153 481 293 565 capitulo
317 480 348 544 in
371 480 545 546 emendam.

258 586 286 670 5.
309 585 360 652 31.
393 584 473 650 item
495 585 575 670 quod
599 585 704 652 nullus
726 585 823 652 trater
845 603 934 650 suum
951 583 1136 650 confratrem
1154 583 1264 649 sivein
1283 603 1400 661 mensa,

152 689 217 756 sive
250 689 281 754 in
316 689 452 772 capitulo
485 691 585 756 verbis
619 689 849 756 contumeliosis
881 687 1143 771 conopprobriesis
1176 707 1212 752 ac
1243 686 1400 772 injuriosis

153 791 272 858 alliciat
301 792 356 857 aut
384 791 492 858 illicite
523 795 690 877 pertractet
719 793 780 859 sibi
802 793 896 878 (siet)
930 790 1061 859 dicendo
1096 793 1149 857 »tn
1184 792 1343 858 mentiris«
1367 795 1402 860 ut

153 915 297 980 nequam,
321 897 377 961 ant
401 899 456 962 »tn
478 917 539 964 non
561 916 592 964 es
615 899 744 980 probus«
779 897 826 964 vel
858 895 1054 962 huiusmodi
1087 895 1188 961 verbis
1218 897 1400 976 consimilia,

153 1003 186 1066 et
207 1000 381 1085 quicunque
409 1019 498 1068 secus
525 1001 633 1067 lecerit
665 1006 696 1068 et
720 1001 895 1068 huiusmodi
918 1001 1072 1066 statutum
1097 1020 1155 1066 nen
1181 1000 1399 1081 observaverit

153 1103 314 1170 dimidiam
337 1104 449 1171 libram
473 1125 560 1171 cerae
585 1107 688 1172 solvat
709 1106 847 1189 capitulo
871 1105 901 1170 in
927 1103 1089 1170 emendam
1112 1106 1145 1171 et
1160 1123 1179 1168 a
1195 1105 1331 1188 capitulo
1347 1125 1401 1189 per

152 1225 268 1274 annum
291 1208 332 1273 sit
354 1209 495 1274 exclusus
517 1211 543 1275 ai
568 1210 683 1276 decano
705 1211 760 1274 ant
782 1209 951 1274 camerario
976 1207 1060 1274 istud
1085 1211 1209 1292 propter
1242 1227 1400 1294 exaspera·

154 1312 272 1378 tionem
297 1313 455 1380 verborum
480 1315 536 1380 aut
558 1332 663 1380 eorunr
687 1312 876 1398 gravitatem
901 1311 1055 1378 videbitur
1077 1313 1228 1397 expedire.

257 1417 287 1501 5.
310 1417 364 1484 32.
399 1417 480 1484 Item
507 1416 588 1500 quod
621 1417 723 1482 nullus
754 1417 849 1482 irater
880 1416 918 1482 de
940 1415 1075 1499 capitulo
1097 1435 1187 1482 annm
1212 1417 1400 1484 confratrem

152 1525 278 1586 accuset
299 1523 355 1585 ant
377 1521 521 1588 enunciet
540 1521 673 1588 dominis
705 1523 760 1587 ant
788 1519 945 1603 jndicibus
968 1520 1195 1600 saecularibus,
1226 1522 1401 1607 quicunqne

153 1643 224 1690 vero
247 1642 335 1690 secus
357 1624 466 1692 lecerit
488 1627 650 1710 tamquam
670 1625 736 1691 evin
758 1624 897 1691 morbida
920 1624 958 1688 ab
982 1642 1086 1689 eorum
1110 1625 1258 1692 societate
1281 1626 1312 1692 et
1328 1643 1400 1692 con-

152 1728 254 1796 sorcia
276 1727 442 1812 abjiciatur
465 1731 498 1795 et
519 1748 538 1794 a
560 1729 695 1812 capitale
721 1727 842 1812 penitus
873 1727 1055 1793 excludatur
1079 1727 1194 1812 absque
1224 1747 1277 1812 spe
1309 1727 1399 1795 resti·

153 1831 288 1898 tutionis
305 1831 337 1896 in
361 1832 509 1899 tuburum.

257 1936 287 2020 5.
309 1936 362 2004 33.
397 1935 477 2002 Item
499 1934 580 2020 quod
603 1954 672 2002 curn
696 1935 830 2000 decanus
853 1937 908 2000 aut
930 1935 1117 2002 camerarius
1149 1935 1400 2002 convocationem

155 2058 209 2124 pre
232 2039 372 2106 utilitate
395 2041 522 2123 capituli
546 2039 780 2106 demandaverit
803 2039 859 2103 ant
878 2039 1053 2116 induxerit,
1083 2041 1195 2104 extunc
1226 2038 1399 2124 quicunque

155 2144 260 2210 venire
284 2163 342 2208 non
366 2143 535 2219 curaverit,
562 2144 616 2210 sed
640 2145 752 2210 absens
774 2144 887 2220 luerit,
919 2143 1018 2209 solvat
1040 2143 1173 2228 quinque
1197 2143 1310 2210 solidos
1330 2144 1398 2210 hal·

154 2248 286 2314 lensium
318 2248 454 2333 capitulo
484 2267 537 2331 pro
561 2267 653 2331 pena,
687 2248 746 2314 nisi
776 2247 836 2314 rite
863 2246 1030 2331 impeditus
1061 2249 1093 2314 et
1123 2247 1265 2333 legitime
1298 2248 1401 2315 valeat

157 2371 307 2419 excusam.

256 2457 284 2540 5.
308 2456 359 2523 34.
391 2456 471 2524 ltem
493 2458 518 2522 si
542 2458 611 2540 qnia
634 2458 729 2522 irater
751 2475 822 2522 cunr
846 2475 900 2522 suo
923 2455 1076 2523 eonlratre
1108 2457 1205 2524 rixam
1227 2458 1283 2523 aut
1307 2475 1398 2541 guer-

152 2581 219 2626 ram
242 2560 394 2638 habnerit‚
418 2565 473 2628 aut
495 2560 575 2627 inter
597 2582 629 2626 se
653 2561 873 2627 alternaverint
896 2563 951 2626 aut
973 2581 1051 2625 nnus
1074 2561 1170 2627 alium
1196 2563 1294 2628 verbis
1323 2580 1392 2627 con·

152 2665 325 2732 tumeliosis
355 2667 617 2750 conopprobrinsis
645 2684 698 2731 seu
733 2665 888 2749 injuriosis
922 2665 1062 2730 affecerit
1095 2667 1128 2731 et
1161 2665 1394 2749 perturbaverit,

154 2769 330 2836 huiusmodi
359 2789 453 2834 causa
481 2789 581 2836 cerum
615 2769 699 2835 nobis
730 2772 785 2834 aut
816 2768 929 2834 decano
958 2771 990 2835 et
1025 2768 1101 2834 dicti
1125 2769 1253 2852 capituli
1275 2769 1400 2836 delfini·

152 2874 272 2939 toribus
299 2873 429 2939 tractari
461 2873 569 2951 debet,
604 2875 635 2938 et
668 2873 767 2956 prime
795 2873 821 2936 si
854 2873 919 2940 beri
946 2875 1061 2957 poterit
1082 2874 1290 2940 amicabiliter
1314 2893 1398 2940 eorn-

153 2980 316 3062 ponantur.
360 2976 393 3044 Si
417 2997 487 3044 vero
511 2998 580 3056 nen,
604 2997 656 3060 per
678 2976 870 3044 definitivam
893 2978 1079 3044 sententiam
1106 2977 1281 3044 huiusmodi
1305 2997 1398 3043 causa

153 3082 351 3150 terminetur.

258 3185 294 3251 Iu
324 3204 454 3269 quornm
483 3186 620 3252 omniurn
649 3186 861 3252 testimoninm
893 3188 925 3252 et
954 3186 1046 3251 robur
1075 3190 1252 3270 praesentes
1275 3186 1397 3253 litteras

152 3289 251 3358 nostri
273 3292 305 3356 et
328 3293 448 3356 nostrae
472 3291 702 3373 praepositurae
725 3290 824 3374 sigilli
846 3289 1015 3356 munimine
1038 3291 1181 3356 dnrinrus
1212 3291 1398 3358 confirman-

151 3395 227 3460 dnm
258 3397 350 3478 atque
381 3395 636 3460 corroborandum
667 3413 799 3460 unacum
827 3395 1011 3477 appensione
1041 3395 1214 3478 sigillorum
1243 3395 1399 3462 Jobannis

154 3499 231 3565 Rosa
253 3497 361 3566 decani
384 3501 417 3563 et
439 3497 578 3564 Heinriei
602 3498 747 3565 Krauvvel
771 3498 933 3564 camerarii
955 3499 1118 3582 praelibati
1135 3500 1168 3565 in
1185 3499 1396 3564 testimoninm

151 3603 291 3668 omnium
312 3607 343 3667 et
366 3602 561 3688 singulorum
587 3604 836 3686 praemissorum.

260 3707 377 3772 Datum
400 3727 478 3773 anno
503 3707 625 3772 Domini
650 3705 785 3773 dcccc
816 3706 893 3771 teria
925 3707 1019 3773 tertia
1040 3709 1108 3790 post
1131 3707 1317 3774 dominicam
1340 3707 1397 3773 Ju-

156 3811 267 3877 bilate.

258 3916 288 4002 5.
309 3915 361 3984 35.
410 3915 488 3980 ltern
519 3914 600 3998 quod
630 3934 749 3998 semper
776 3915 836 3980 dno
870 3914 972 3980 ultimi
1002 3915 1193 3982 introeuntes
1227 3915 1398 3999 capitulum

152 4019 266 4085 debent
285 4020 463 4086 ministrare
484 4019 515 4083 in
539 4019 651 4085 divinis
673 4017 713 4084 ad
735 4037 889 4084 summam
913 4019 1038 4084 missam
1060 4021 1091 4084 et
1114 4019 1153 4085 ad
1179 4037 1328 4084 mensam.

261 4123 545 4190 Bemerkensnerth
568 4125 711 4190 seheinen
737 4124 769 4188 in
790 4123 893 4189 diesen
918 4123 1201 4208 Kapitelsstatuten
1233 4123 1400 4190 besnnders

153 4227 299 4312 loigende
322 4229 446 4295 Pnnlrte
470 4248 508 4293 zu
529 4227 617 4294 sein:

260 4334 324 4398 Ans
346 4333 376 4417 5.
399 4333 429 4399 3.
454 4351 538 4398 muns
559 4331 712 4416 geiolgert
736 4331 871 4411 werden,
903 4332 976 4397 dass
998 4333 1040 4397 im
1066 4331 1117 4398 14.
1143 4332 1204 4397 und
1230 4332 1281 4397 15.
1305 4332 1402 4398 Jahr-

155 4436 291 4502 hnndert
313 4456 346 4502 es
366 4437 500 4515 vortam,
526 4437 598 4502 dass
621 4437 858 4502 Nicht-Plarrer
881 4456 918 4501 zu
936 4435 1248 4521 Kapitels·l)elranen
1265 4437 1401 4522 gevahlt

154 4540 291 4608 werden.
325 4541 387 4608 ser
408 4559 516 4607 unsere
537 4539 686 4624 hentigen
709 4541 925 4606 Verbaltnisse
948 4541 990 4607 ist
1006 4540 1085 4607 auch
1101 4540 1155 4606 der
1171 4542 1199 4626 5.
1216 4542 1248 4606 9.
1266 4541 1401 4625 einiger·

184 4650 279 4699 mure
293 4651 334 4699 rar
351 4651 539 4700 absterreant.
554 4652 656 4700 nxvrr.
1257 4644 1297 4708 16
