3208 4768
178 175 265 232 θεον.
282 192 305 231 s.
325 175 435 246 congr.
456 173 510 246 Off.
530 177 572 230 11.
591 171 674 232 dnm
694 175 786 231 1886:
806 177 878 231 dies.
896 181 986 229 malr.
1003 191 1090 230 conv.
1104 178 1138 230 ln
1152 177 1216 243 foer.
1228 175 1309 244 fidei.
1354 156 1414 224 185

171 348 267 424 serit,
291 349 347 414 aut
369 349 434 412 aine
455 348 645 414 oontnruelia
667 347 823 414 Crantoris
847 347 1024 414 cohabitare
1046 348 1199 425 noluerit,
1223 348 1271 414 rcl
1291 347 1414 414 fidelem

174 452 213 517 ad
237 455 398 536 peccatum
417 452 548 518 mortale
562 455 619 518 ant
633 453 671 518 ed
688 452 903 518 infidelitatem
921 452 1044 517 trahere
1059 452 1235 529 tentarerit,
1258 453 1414 538 integrum

174 557 235 623 erit
257 557 382 642 conjugi
403 557 489 622 fideli
510 558 548 622 ad
573 557 634 623 alia
656 561 729 624 nota
752 558 893 624 transire.

277 661 326 726 Ad
348 662 390 729 ll.
420 661 452 726 Si
475 665 590 746 agatur
612 662 650 727 de
673 681 764 728 uxore
786 681 910 746 pagana
929 661 1060 745 alicujus
1074 661 1188 746 pagani
1204 661 1415 728 concubinarii

173 784 251 850 qnae
274 766 480 844 convertitur,
503 769 597 845 tuuc,
620 767 704 832 iacta
726 766 992 851 interpellatione,
1020 769 1047 830 si
1070 769 1180 832 renuat
1201 767 1337 832 converti
1359 769 1416 833 aui

172 871 352 937 cohabitare
372 873 488 954 absque
510 871 625 954 injuria
647 870 801 938 (lecatoris
818 890 854 937 ec
869 871 995 954 proinde
1011 870 1150 936 desinere
1165 890 1184 936 a
1198 871 1413 948 concubinatu,

172 976 224 1061 qui
250 975 316 1040 siue
339 975 453 1060 injuria
476 975 631 1042 Creatoris
652 979 735 1042 certe
759 976 864 1041 haberi
886 975 1007 1061 nequit,
1039 976 1153 1060 poterit
1183 976 1229 1041 uti
1253 975 1414 1060 privilegio

173 1080 204 1145 in
227 1079 363 1146 levorem
387 1079 458 1145 fldci
482 1097 634 1149 concesso.

277 1183 324 1250 Ad
350 1183 406 1252 lll.
435 1183 565 1268 Quando
588 1185 697 1269 conjnx
719 1184 852 1251 infidelis
874 1185 932 1249 rita
953 1184 1179 1268 interpellatus,
1202 1188 1258 1250 aut
1274 1185 1414 1252 absoluto

170 1289 360 1356 recusaverit
389 1307 458 1354 cum
489 1290 621 1374 conjuge
650 1291 688 1354 ad
718 1290 809 1354 iidem
834 1307 976 1356 conuerso
999 1287 1178 1354 cohabitare
1200 1293 1255 1354 ent
1275 1289 1414 1355 animum

171 1395 231 1458 sibi
254 1412 320 1459 csse
341 1393 513 1460 ostenderit
532 1413 602 1458 cnm
625 1393 680 1458 illo
699 1394 823 1478 quidam
846 1392 1054 1472 cohabitandi,
1077 1393 1130 1458 sed
1155 1413 1212 1458 non
1236 1393 1300 1458 sine
1321 1393 1414 1459 Crea-

171 1499 248 1565 torie
270 1499 468 1573 contumelia,
492 1499 540 1564 vel
563 1499 678 1582 absque
701 1515 736 1564 eo
760 1498 839 1581 qnod
863 1517 895 1563 se
915 1498 1156 1563 acuncuhinatn
1174 1497 1329 1563 abstinere
1345 1518 1412 1582 per·

171 1605 264 1686 petuo
288 1602 372 1680 uelit,
395 1605 469 1668 tnnc
492 1603 601 1688 conjux
624 1621 797 1680 conuersus,
821 1602 1003 1686 praehabito
1026 1602 1190 1685 superioris
1213 1602 1413 1670 ecclesiastici

168 1706 297 1791 judicio,
319 1708 454 1791 separari
478 1707 570 1773 debet
592 1709 632 1773 ab
651 1707 786 1783 infideli,
810 1709 843 1772 et
865 1707 995 1790 poterit,
1019 1707 1044 1770 si
1070 1707 1162 1782 uelit,
1184 1707 1229 1772 uti
1253 1707 1413 1790 privilegio

171 1830 226 1876 seu
248 1811 354 1878 divina
377 1813 569 1896 diapenticus
591 1814 622 1876 iu
647 1812 782 1878 favorem
807 1810 877 1877 fidei
898 1830 1052 1889 concessa,
1074 1817 1106 1877 et
1129 1811 1174 1876 sic
1196 1812 1234 1876 ad
1259 1812 1322 1878 alia
1342 1815 1414 1877 rota

174 1916 317 1994 transire,
338 1935 407 1980 cum
431 1935 559 2000 persona
580 1915 672 1982 fideli.

278 2021 322 2085 ld
345 2021 398 2088 lv,
429 2021 460 2086 si
485 2019 609 2104 conjugi
633 2039 776 2087 convorso
799 2020 989 2103 impossibile
1007 2039 1131 2104 prorsus
1151 2020 1194 2086 sit
1215 2020 1292 2088 filios
1308 2022 1340 2087 ct
1356 2039 1410 2104 po·

171 2126 287 2191 testate
309 2125 437 2191 alterins
460 2125 601 2210 conjugis
628 2124 658 2189 iu
688 2124 872 2190 infidelitate
902 2124 1046 2190 obdurati
1073 2124 1258 2202 subducere,
1289 2145 1345 2190 nec
1368 2126 1414 2189 iae

171 2228 222 2307 sit,
248 2230 416 2312 praemissa
432 2230 568 2314 juridica
591 2232 622 2294 ct
645 2229 767 2294 lormali
788 2228 1051 2312 interpellatione,
1076 2248 1145 2294 cum
1167 2249 1202 2293 eu
1223 2228 1413 2306 cohabitare,

172 2334 220 2398 rel
240 2334 313 2417 qrria
335 2333 388 2400 ille
412 2353 471 2399 non
493 2335 560 2401 nult
583 2333 630 2400 vel
652 2353 710 2399 nou
734 2335 799 2400 sine
822 2333 1010 2399 contumelia
1030 2332 1186 2399 creatoris
1202 2333 1268 2398 vult
1284 2332 1411 2398 cohabi-

171 2441 247 2516 tare,
271 2437 451 2522 praehabito
470 2439 587 2522 judicio
608 2440 773 2523 superioris
794 2437 1023 2517 ecclesiasticis,
1048 2437 1202 2521 integrum
1220 2439 1280 2504 erit
1295 2438 1334 2502 ad
1351 2437 1415 2503 alia

172 2544 244 2608 rota
266 2544 408 2620 transire,
431 2543 520 2608 firma
541 2546 644 2608 tamen
670 2546 813 2608 manente
835 2542 1035 2626 obligatione,
1059 2561 1121 2626 qua
1144 2561 1265 2626 semper
1278 2547 1412 2620 tenetur,

172 2646 310 2724 curandi,
334 2647 360 2710 si
383 2665 443 2731 quo
466 2647 554 2712 modo
578 2649 701 2730 poterit,
725 2646 912 2713 catholicam
937 2647 1070 2711 filiorum
1094 2647 1316 2713 educationem.

276 2750 322 2816 Ad
347 2750 384 2816 V.
416 2752 576 2817 Provisum
600 2753 632 2817 in
656 2751 919 2835 praecedentibus.

276 2853 321 2919 hd
350 2855 400 2920 Vl.
432 2855 603 2939 Nagalire3
634 2859 666 2920 et
693 2857 724 2920 in
749 2855 902 2920 similibus
925 2855 1048 2920 casibus
1073 2855 1276 2934 hlissionarii,
1301 2857 1355 2941 qui
1378 2876 1413 2922 er

169 2960 362 3024 concessione
386 2961 563 3043 Apostolica
587 2961 703 3043 pollent
727 2958 876 3026 lacultato
899 2957 1094 3044 dispensandi
1116 2978 1207 3042 super
1227 2959 1410 3043 disparitate

168 3063 282 3144 cultus,
305 3067 436 3130 careant
458 3083 494 3130 ne
516 3064 776 3148 dispensationem
799 3066 976 3144 concedant,
1004 3065 1062 3129 nisi
1087 3067 1202 3130 remoto
1218 3065 1412 3148 polygamiae

170 3169 315 3252 periculo.

272 3273 321 3340 dd
345 3274 414 3342 Vll.
443 3272 545 3357 Quum
569 3273 685 3357 agitur,
710 3275 755 3339 uti
777 3275 969 3358 supponitur,
992 3274 1029 3338 de
1052 3272 1249 3338 matrimonio
1271 3271 1410 3355 legitimo

167 3377 200 3442 in
223 3378 408 3444 infidelitate
429 3381 603 3456 contracto,
637 3377 748 3443 mulier
771 3381 929 3460 separetur
951 3397 970 3441 a
992 3377 1124 3442 secundo
1148 3379 1211 3442 viro
1234 3377 1358 3442 cmrrino
1381 3380 1413 3442 et

168 3501 237 3545 cum
259 3481 387 3558 eliacim
415 3487 447 3548 et
467 3483 493 3547 si
516 3484 554 3546 cb
579 3483 779 3565 grauissimas
800 3500 909 3548 carrsas
931 3485 963 3545 at
985 3483 1098 3546 realem
1122 3481 1341 3565 impotentiam
1362 3501 1409 3544 se·

171 3586 271 3668 parari
295 3587 426 3669 nequeat
447 3586 546 3669 quoad
574 3586 807 3662 habitationem,
829 3589 990 3668 separetur
1014 3586 1123 3650 saltem
1146 3585 1244 3669 quoad
1263 3586 1363 3650 totum
1381 3585 1411 3647 in

169 3689 432 3768 consuetudinem,
458 3689 577 3754 necllum
600 3690 734 3772 amplius
757 3689 873 3755 habens
896 3709 963 3755 cum
988 3689 1092 3754 eodem
1110 3689 1175 3753 viro
1191 3691 1338 3765 tractum,
1357 3691 1413 3754 aut

169 3792 291 3858 carnale
313 3793 540 3858 commercium.
581 3793 698 3860 Deinde
719 3791 757 3858 de
780 3813 863 3858 more
886 3794 1075 3869 instruatur,
1097 3793 1125 3857 ei
1148 3793 1309 3876 praecipue
1332 3793 1411 3857 noti-

170 3897 298 3976 ficando,
322 3897 402 3981 qnod
424 3901 566 3982 suscepto
589 3899 743 3981 baptismo
766 3917 825 3962 nou
848 3898 1041 3980 dispensetur
1057 3898 1096 3962 ab
1111 3897 1300 3980 obligatione
1317 3915 1409 3978 quam

170 4001 265 4066 hahet
288 4001 436 4067 redeundi
460 4003 499 4066 ad
520 4003 655 4086 primum
678 4002 848 4078 maritum
879 4005 912 4066 ct
932 4004 1085 4085 qnatenus
1108 4007 1177 4082 post
1200 4001 1337 4066 debitam
1361 4001 1409 4064 in-

168 4107 368 4172 structionem
391 4109 511 4172 constct
533 4126 601 4172 eam
625 4107 739 4172 mereri
766 4107 803 4170 ad
825 4105 1035 4189 accipiendum
1068 4107 1255 4190 baptismum
1284 4124 1320 4170 cr
1342 4125 1412 4170 vero

169 4209 329 4294 religionis
352 4212 485 4287 motivo,
514 4211 699 4276 admittatur
721 4211 831 4277 statim
862 4211 900 4276 ad
924 4211 1133 4295 baptismum,
1163 4228 1257 4294 eoque
1289 4210 1412 4288 collatu,

166 4315 383 4398 interpelletur
405 4315 530 4381 omnino
554 4315 670 4399 primus
696 4316 749 4394 nir,
774 4319 806 4382 et
829 4317 1035 4398 interrogetur
1055 4316 1159 4381 utrum
1181 4315 1316 4380 converti
1338 4315 1412 4379 velit

168 4423 224 4485 ant
253 4420 319 4485 sina
341 4421 527 4486 contumelia
552 4421 706 4486 creatoris
729 4437 799 4485 oum
822 4440 858 4484 ea
882 4420 976 4484 vitam
1001 4419 1202 4484 traducturus
1225 4417 1284 4494 sit,
1315 4423 1347 4482 et
1373 4419 1411 4483 de

167 4523 310 4590 omnihus
338 4523 563 4590 resultantibus
591 4525 627 4591 R.
654 4525 686 4590 P.
713 4525 749 4593 D.
774 4524 915 4588 liicarius
947 4523 1143 4608 apostolicus
1169 4521 1294 4590 Sacram
1327 4522 1407 4588 Goar-

1532 4599 1597 4722 A
