3208 4768
192 171 254 240 182
313 205 336 245 a.
357 187 468 260 Corapr.
486 187 562 259 lippa.
581 188 626 242 15.
648 187 739 259 April
758 189 828 246 1891
848 190 886 246 dc
904 189 1033 260 confess.
1051 201 1157 260 conpr.
1175 190 1313 262 religios.

295 363 410 450 vigore
438 359 620 446 specialium
647 359 835 428 facultatum
865 380 883 426 a
913 359 1114 428 sanctissimo
1151 361 1283 428 Domino
1319 360 1434 428 Nostro

189 486 424 546 concessarum,
455 463 549 532 Sacra
571 463 778 550 Congregatio
801 463 1122 531 Eminentissimorum
1146 485 1182 531 ac
1205 465 1437 532 Reuerendissi·

190 590 310 638 morum
333 571 363 638 S.
381 570 417 639 R.
433 570 467 636 t.
487 568 700 635 Cardioalinm
717 569 852 654 negotiis
871 569 904 636 et
918 569 1199 636 consultationibus
1216 569 1434 655 Episcoporum

190 678 223 744 et
247 675 449 762 Regulerium
472 673 655 758 praeposite,
679 673 809 740 attentis
829 673 986 758 expositis,
1010 673 1141 760 benigne
1163 675 1273 740 annuit
1293 674 1435 759 precibus

190 780 331 867 Episcopi
351 778 481 846 oratoris
501 796 556 863 pro
579 778 680 862 petita
702 778 855 845 facultate
878 778 1043 862 delegandi
1066 778 1196 846 decanos
1226 797 1281 845 seu
1305 778 1435 845 sicarios

189 887 328 953 foraneus
351 884 498 968 aliosque,
521 882 559 949 dc
582 883 694 967 quibus
714 881 829 968 agitm‚
855 882 1047 965 sacerdotes,
1069 887 1109 950 ad
1132 882 1339 968 recipiendam
1362 883 1435 949 fidei

189 989 418 1076 professionem,
437 987 478 1053 ad
500 986 742 1072 quinquennium
766 987 925 1068 duratura,
946 988 1106 1054 satamon
1128 988 1209 1072 lege,
1232 990 1267 1054 ut
1283 1007 1353 1054 cum
1369 988 1433 1072 pri·

190 1113 275 1160 mum
298 1091 472 1159 beneficiati
493 1092 533 1158 ad
556 1089 680 1157 (iuriam
705 1091 907 1172 accesserint,
935 1094 1100 1158 uocantur
1122 1091 1194 1159 fidei
1216 1092 1433 1176 professionem

188 1216 335 1265 renovare
357 1215 461 1262 coram
483 1194 632 1280 Episcopo
655 1194 703 1261 rel
726 1196 793 1281 ejus
818 1195 931 1262 sicario
951 1195 1098 1282 generali.

292 1298 463 1370 Contrariis
485 1299 730 1386 quibuscumque
753 1319 812 1366 non
836 1299 1042 1369 obstantibus.

294 1405 474 1487 Remeat.
499 1403 575 1470 licii
600 1403 693 1471 1890.

768 1491 795 1559 1.
819 1490 909 1560 Card.
937 1491 1048 1576 Vespa,
1073 1491 1261 1558 Praefectus.

723 1595 775 1662 Fr.
797 1595 951 1682 Aloyeius
973 1595 1055 1680 ldpus
1078 1594 1270 1676 Callinicum,
1294 1593 1376 1662 Scor.

223 1739 255 1802 3.
289 1735 490 1818 Rmcrrptum
512 1753 537 1802 s.
562 1734 708 1821 Conprcp.
729 1735 877 1820 Episcopo.
901 1742 929 1803 ct
950 1735 1101 1821 Regula.
1125 1735 1164 1802 dc
1185 1735 1389 1819 wessessuriie

594 1846 769 1924 waprcput.
794 1839 1024 1922 religiosarum.

292 1959 386 2028 Sacra
408 1960 616 2045 Congregutio
638 1960 960 2027 Eminentissimorum
983 1981 1019 2027 ac
1041 1961 1375 2027 Reverendiesimornm
1397 1958 1428 2026 S.

189 2067 226 2132 li.
249 2065 282 2132 ll.
307 2063 519 2133 cardinalium
542 2063 675 2150 negotiis
698 2067 730 2131 et
751 2064 1030 2131 consultationibus
1062 2049 1279 2150 ldpiscoporum
1311 2069 1344 2132 et
1373 2065 1432 2130 Re·

189 2171 345 2254 guterium
369 2169 553 2252 praeposita,
576 2170 774 2254 sequentibus
797 2169 902 2235 dubiis
924 2169 1105 2254 propositis:

292 2273 316 2341 1.
353 2272 391 2339 Se
422 2271 445 2336 il
478 2271 601 2339 decreto
631 2273 785 2357 incipian:
820 2274 1087 2356 Queacdmcdum
1120 2274 1254 2359 (Archiv
1285 2277 1307 2340 t.
1336 2273 1430 2340 LXV.

190 2398 217 2462 p.
233 2377 298 2444 448
313 2378 394 2460 sqq.)
417 2376 530 2455 dell.
556 2377 718 2444 Dicembre
743 2377 826 2443 1890
849 2377 1032 2463 comprenda
1055 2379 1154 2446 auehe
1176 2378 1205 2443 le
1228 2377 1328 2461 ligiis
1348 2377 1433 2443 della

189 2481 296 2548 Caritt
317 2479 474 2546 instituite
495 2481 535 2546 da
556 2479 587 2549 8.
609 2481 762 2548 Vinceuzo
785 2481 823 2548 de
847 2481 960 2548 Pauli?

289 2584 331 2651 ll.
362 2583 401 2652 Se
423 2584 447 2649 il
469 2584 592 2652 decretu
615 2585 791 2665 medesimo,
815 2584 895 2652 oltra
914 2584 957 2670 gl'
980 2585 1120 2652 instituti
1143 2585 1324 2664 iemminili,
1348 2603 1433 2652 com·

186 2689 300 2774 prende
320 2689 489 2755 solamente
511 2689 554 2774 gl'
570 2689 713 2755 Instituit
733 2689 877 2756 meschili
900 2689 932 2755 di
953 2693 1066 2757 natura
1090 2691 1205 2768 laicali,
1228 2709 1313 2757 come
1328 2691 1339 2755 i
1355 2691 1432 2756 ura·

185 2794 253 2859 telli
278 2792 358 2858 delle
381 2793 490 2858 Scuole
513 2791 700 2872 Christiane,
723 2797 800 2870 etc.;
823 2813 933 2861 curere
957 2795 1055 2861 aucte
1077 2794 1106 2860 le
1122 2795 1364 2878 congregacioni
1381 2813 1432 2861 ec·

185 2896 390 2974 clesisstiche,
414 2913 499 2962 come
522 2897 533 2962 i
556 2897 718 2976 Selesiani,
740 2897 859 2964 londati
882 2898 922 2963 da
948 2899 985 2966 D.
1012 2900 1124 2977 Boscc,
1148 2900 1159 2964 i
1184 2899 1390 2976 Rosminiuni‚
1418 2899 1430 2964 i

186 3001 354 3066 tannaristi
377 3019 393 3066 e
415 3000 528 3080 simili,
559 3001 640 3068 nelle
661 3002 765 3086 quali,
798 3002 877 3068 oltre
902 3003 912 3068 i
942 3003 1109 3083 sacerdoti,
1140 3022 1214 3070 sono
1244 3003 1333 3069 molti
1363 3001 1429 3068 ira·

185 3104 253 3170 tolli
276 3104 376 3170 laici?

289 3207 418 3276 Censuit
441 3208 685 3293 respondendum
708 3214 799 3296 prout
821 3213 997 3295 rescripsitr

288 3311 343 3381 Ad
364 3313 517 3380 Iliorum.
540 3351 583 3363 -
605 3315 808 3399 Afptroaotioe
823 3317 918 3399 joscio
937 3316 1085 3400 modum
1116 3317 1224 3382 modus
1247 3319 1318 3382 est:
1353 3320 1430 3382 »At-

186 3419 273 3483 tenta
296 3417 443 3500 peculiari
467 3417 644 3484 Puellarum
676 3420 849 3486 Obaritatis
879 3421 1092 3496 institutione,
1124 3423 1313 3505 attentisque
1347 3422 1428 3487 Pon-

184 3521 290 3587 tifieiis
322 3521 582 3588 declarationibus
616 3543 652 3590 ac
683 3523 855 3609 privilegiis
887 3525 1036 3601 indultis,
1073 3525 1255 3609 praesertim
1288 3523 1359 3592 aS.
1385 3525 1428 3591 lu.

186 3625 240 3691 Pio
263 3625 333 3694 vll.
363 3631 396 3691 et
423 3624 522 3692 Leone
543 3625 614 3692 XII.
637 3628 828 3694 confirmatis
852 3648 870 3694 a
892 3627 978 3696 SSru.
1005 3629 1040 3696 i).
1064 3629 1104 3696 N.
1148 3629 1246 3695 Leone
1268 3629 1358 3697 Xlll.
1379 3629 1430 3695 die

184 3730 235 3797 25.
259 3729 346 3798 Junii
373 3729 464 3806 1882,
489 3731 731 3814 publicationem
754 3736 787 3798 et
808 3733 1005 3817 vigilantiam
1028 3751 1120 3815 snper
1139 3734 1315 3799 executione
1342 3753 1429 3817 prae-

183 3834 241 3900 lati
263 3835 385 3901 Decreti
408 3835 510 3920 quoad
532 3835 632 3901 dietas
656 3837 783 3902 Puellae
805 3843 945 3921 spectare
968 3838 1007 3903 ad
1036 3837 1229 3922 Superiorem
1253 3837 1427 3921 generalem

182 3957 235 4022 pro
259 3943 394 4022 tempore
417 3939 674 4024 congregationis
690 3941 944 4026 Presbyterorum
962 3941 1126 4021 ldissionis,
1148 3942 1212 4009 sire
1230 3962 1283 4026 per
1300 3961 1343 4019 ae,
1363 3942 1428 4008 sive

182 4061 236 4126 per
266 4042 403 4126 ejusdem
437 4044 694 4129 congregationis
731 4045 935 4124 visitatores,
966 4047 1053 4112 salva
1086 4048 1190 4113 tamen
1225 4046 1429 4131 Delegatione

183 4145 365 4231 Apostolica
395 4145 627 4214 ordinariorum
662 4150 798 4216 locorum
831 4151 863 4214 in
894 4169 966 4217 casu
999 4151 1207 4234 negligentiae
1230 4150 1428 4236 Superiorem

184 4250 441 4335 Congregatioois
463 4251 649 4321 illusionis«

286 4355 343 4421 Ad
363 4355 541 4424 secundum.
568 4393 605 4405 -
635 4359 839 4441 Asfimab'oc
866 4359 910 4425 ud
934 4361 1077 4440 menam
1102 4365 1234 4442 portem.
1278 4360 1429 4444 Ncpctioc

182 4457 226 4524 ud
245 4459 426 4525 secundum.

286 4561 326 4627 Et
349 4561 433 4627 iacta
455 4561 493 4627 ds
514 4565 691 4645 praemissis
714 4566 862 4632 relatione
885 4566 989 4634 SSmo.
1015 4568 1052 4636 D.
1071 4568 1111 4634 N.
1137 4567 1229 4634 tecm
1254 4569 1315 4637 PP.
1336 4569 1426 4636 Xlll.
