3208 4768
289 233 375 291 Deer.
393 253 417 290 s.
435 232 528 290 Pocae.
546 249 596 304 ap.
616 230 642 290 8.
663 231 736 304 apr.
758 229 846 289 1890:
861 237 974 303 poerua't.
994 234 1030 290 tn
1048 233 1183 305 dispens.
1200 239 1292 292 mcatr.
1353 215 1412 286 177

342 413 374 474 2.
411 403 460 473 De
477 408 670 490 ponamus
692 408 725 472 in
749 405 1037 488 dispensationibus
1058 407 1236 476 matronae.

328 530 366 594 Δ.
392 563 430 576 -
456 529 612 612 Quaestio.

481 640 732 707 Eminentissime
756 641 912 724 Princeps.

273 751 492 838 Iulrascriptus
526 753 693 838 Episcopus
726 751 901 819 Nicatorem
936 753 968 819 et
1002 749 1112 838 Ττορ..
1155 772 1209 840 pro
1242 757 1346 840 quiete
1380 761 1412 823 et

168 857 397 940 tranquillitate
427 857 632 922 conscientiae
662 875 753 934 suae,
789 853 984 922 Eminentius
1017 853 1097 924 Vrae
1128 857 1223 924 limae
1250 857 1412 926 humiliter

167 961 319 1046 subjicere
342 961 402 1028 sibi
425 960 580 1045 permittit
602 960 682 1046 quod
705 961 861 1045 sequitur:

271 1066 343 1132 lion
374 1061 469 1131 semel
501 1065 533 1129 in
563 1064 844 1148 dispensationibus
876 1063 1156 1132 matrimonialibus
1190 1087 1208 1132 a
1237 1067 1269 1134 S.
1302 1069 1411 1134 Poeni·

167 1168 314 1234 teutiaria
332 1167 466 1254 expedis,
491 1169 587 1248 adest,
612 1189 666 1252 pro
689 1168 791 1235 causis
814 1169 970 1252 expositis,
993 1167 1149 1237 clausula:
1178 1191 1249 1239 oum
1268 1176 1411 1258 pooiet

166 1274 319 1341 diotmna
337 1275 531 1356 poenitentia
552 1263 712 1356 solutori;
741 1272 773 1337 iu
795 1271 978 1357 quibusdam
1001 1271 1072 1340 aliis
1095 1273 1227 1340 habetur
1249 1271 1325 1342 haec
1347 1277 1410 1343 alia

167 1375 385 1464 praescriptio:
414 1397 485 1444 mm
513 1378 606 1462 prom
628 1377 821 1460 poenitentia
851 1377 998 1445 solatori.
1045 1377 1177 1444 Attente
1200 1383 1355 1447 crescente
1377 1381 1407 1446 in

166 1483 248 1550 aliem
271 1483 465 1566 corruptions
489 1501 544 1548 uec
567 1499 626 1546 nou
650 1481 733 1546 mala
755 1481 911 1546 uoluntate
939 1497 1042 1547 eoram
1075 1481 1256 1566 quibuscum
1286 1483 1409 1570 dispen-

166 1591 253 1654 satur
283 1587 395 1671 quique
425 1583 517 1652 labiis
547 1586 733 1669 promittant
762 1585 842 1668 quot
874 1583 983 1652 deinde
1004 1603 1111 1670 reapse
1133 1587 1261 1654 minime
1284 1591 1409 1668 tenont3

166 1693 288 1758 attenta
310 1691 405 1756 etiam
427 1689 591 1775 aliquoties
613 1687 863 1774 impossibilitate
883 1689 914 1754 iu
938 1707 999 1774 qna
1022 1694 1194 1770 versantur,
1215 1711 1250 1757 ex
1273 1711 1308 1760 ao
1327 1693 1406 1778 quoi

166 1815 185 1861 a
207 1813 296 1861 mane
320 1813 415 1880 usque
438 1794 477 1860 ad
499 1794 668 1860 serotinum
691 1793 848 1860 laboribus
866 1793 1049 1860 incumbunt
1065 1797 1100 1860 ut
1115 1795 1196 1862 vitae
1213 1813 1287 1863 suae
1304 1815 1406 1864 neces·

165 1900 257 1966 sarii‘s
279 1901 469 1983 provideant,
493 1898 672 1984 quaeritur:

269 2006 317 2070 An
340 2004 436 2088 possit
458 2003 580 2087 injungi
603 2001 794 2086 poenitentia
817 2019 870 2086 per
892 2005 955 2068 tres
978 2003 1192 2070 tantummode
1216 2021 1336 2070 mensos
1353 2004 1406 2072 sed

163 2109 279 2194 pluries
301 2107 332 2173 ln
357 2107 560 2184 hebdomada,
585 2105 706 2190 quando
728 2106 918 2190 praescripta
940 2108 988 2172 ost
1008 2109 1118 2192 prame
1139 2113 1169 2175 ot
1188 2108 1350 2187 simron
1374 2111 1407 2175 ct

163 2233 218 2298 per
240 2229 335 2278 uriam
359 2229 494 2277 mensem
520 2210 677 2288 iacienda,
709 2209 830 2295 quando
858 2211 979 2277 statuta
1010 2214 1058 2277 est
1084 2213 1193 2297 moab
1216 2214 1408 2296 poenitentia

162 2317 327 2394 admone,
350 2319 383 2382 et
404 2313 462 2382 hoc
484 2313 620 2400 quidem,
644 2314 683 2382 ad
699 2315 860 2381 vitandum
874 2315 995 2399 sponsis
1012 2333 1122 2382 norum
1142 2318 1312 2401 peccatum,
1336 2335 1405 2382 oum

163 2425 248 2488 certo
277 2423 397 2488 constet
426 2421 525 2505 ipsos,
555 2419 710 2486 celebrato
742 2420 956 2499 matrimonio,
987 2421 1051 2504 jam
1080 2420 1213 2504 amplius
1245 2421 1284 2487 le
1309 2421 1407 2487 nihilo

162 2545 279 2604 curare,
305 2543 376 2591 cum
399 2526 486 2610 gravi
504 2525 709 2591 cormicutias
730 2542 804 2590 suae
824 2525 1036 2590 astronomos

269 2629 422 2715 Dignatur
442 2629 620 2695 Eminentia
643 2627 706 2694 Vra
730 2629 808 2694 Rma
829 2629 888 2696 etc.
911 2679 920 2696 .
945 2679 951 2693 .
978 2679 985 2694 .
1008 2629 1182 2708 Nicatoras,
1205 2629 1257 2696 dia
1276 2630 1329 2699 25.
1347 2629 1403 2697 lle-

162 2733 400 2800 bmaril1890.

373 2838 408 2904 Β.
431 2873 473 2888 -
498 2837 709 2920 Raaapcon.

266 2941 361 3009 Sacra
398 2941 640 3008 Posuitentiaria
677 2943 797 3006 mature
840 2941 997 3025 perpensis
1041 2959 1119 3026 quae
1157 2942 1196 3006 ab
1239 2941 1403 3008 Ordinatio

160 3047 336 3114 Nicatorem.
359 3048 587 3130 proponuntur,
610 3045 656 3111 ita
678 3044 862 3129 respondet:
892 3043 928 3112 Iu
961 3045 1169 3129 praeficienda
1196 3045 1403 3131 poeniteutiae

160 3151 329 3236 qualitate,
357 3151 531 3234 gravilate,
553 3150 733 3228 duratione,
766 3153 825 3217 etc.
857 3168 936 3233 quaa
959 3149 1166 3234 dispensantis
1188 3153 1245 3216 aut
1267 3149 1406 3235 delegati

160 3255 290 3322 arbitrio
311 3255 374 3339 juri
396 3255 545 3320 coulormi
569 3253 782 3331 remittantur,
805 3273 903 3337 neque
926 3253 1110 3333 severitatis,
1133 3273 1231 3338 neque
1255 3254 1400 3320 humani-

159 3359 237 3426 tatis
261 3359 338 3424 lines
358 3377 424 3426 esse
447 3357 645 3436 excedendus,
669 3357 880 3442 rationemque
904 3358 1076 3424 habendam
1099 3359 1293 3438 conditionis,
1317 3361 1404 3425 asta·

158 3463 217 3543 tis,
239 3463 450 3542 infirmitatis,
473 3462 583 3540 oflicii,
606 3481 711 3542 serus,
734 3465 793 3528 etc.
818 3481 922 3528 eorum
943 3462 1056 3546 quibus
1081 3481 1175 3546 poena
1197 3461 1327 3547 irrogari
1350 3461 1401 3527 in·

154 3568 311 3654 juugitur.

266 3671 380 3738 Datum
404 3669 518 3738 Romm
541 3669 574 3736 in
598 3669 629 3738 S.
654 3667 908 3748 poenitentiario,
931 3669 982 3736 die
1005 3671 1035 3737 8.
1056 3669 1174 3755 Aprilis
1198 3667 1291 3737 1890.

832 3775 871 3842 F.
891 3773 995 3859 saca
1016 3774 1046 3842 S.
1073 3775 1107 3840 P.
1133 3775 1265 3860 Rogana.

771 3879 813 3947 A.
837 3877 915 3946 Gaas.
939 3879 1091 3959 Martini,
1116 3877 1147 3946 S.
1172 3877 1207 3945 P.
1231 3877 1314 3946 Seor.

584 4023 614 4085 3.
653 4015 701 4085 De
721 4017 856 4085 divanio
878 4015 974 4084 cicili.

364 4141 404 4208 Δ.
425 4177 467 4190 -
490 4141 647 4224 Quaestio.

469 4253 545 4319 Eme
569 4273 605 4319 ac
630 4253 706 4319 Rmc
730 4253 807 4319 Duo.

259 4363 395 4433 Joannee
424 4363 612 4446 Ludoricus,
642 4363 759 4433 Robert
783 4367 882 4451 llpisc.
903 4363 1083 4434 Massiliam:
1114 4385 1231 4434 sacram
1257 4364 1291 4435 Ε.
1315 4367 1401 4436 Tuae

155 4471 329 4556 Purpuram
353 4469 545 4549 deosculans,
568 4470 730 4536 humiliter
750 4471 875 4555 exponit
897 4473 934 4537 ut
959 4471 1058 4538 intra:

260 4573 415 4660 Repetitis
437 4575 511 4642 licet
534 4573 662 4654 vicibus,
685 4573 817 4641 Sanctae
837 4573 925 4641 Sedis
940 4576 1097 4642 oraculum
1113 4577 1187 4661 quid
1203 4576 1397 4643 sentiendum

184 4675 277 4726 Archiv
292 4677 334 4727 itur
349 4677 537 4727 Riralrenraclrt.
553 4677 655 4726 bxvll.
1255 4681 1295 4736 12

1532 4641 1594 4736 a
