<?xml version="1.0" encoding="UTF-8"?>
<!DOCTYPE html PUBLIC "-//W3C//DTD XHTML 1.0 Transitional//EN"
    "http://www.w3.org/TR/xhtml1/DTD/xhtml1-transitional.dtd">
<html xmlns="http://www.w3.org/1999/xhtml" xml:lang="en" lang="en">
 <head>
  <title>
</title>
<meta http-equiv="Content-Type" content="text/html;charset=utf-8" />
  <meta name='ocr-system' content='tesseract 3.04.00' />
  <meta name='ocr-capabilities' content='ocr_page ocr_carea ocr_par ocr_line ocrx_word'/>
</head>
<body>
  <div class='ocr_page' id='page_1' title='image "./archivfrkatholi01unkngoog_0347.png"; bbox 0 0 3180 4778; ppageno 0'>
   <div class='ocr_carea' id='block_1_1' title="bbox 214 235 1448 322">
    <p class='ocr_par' dir='ltr' id='par_1_1' title="bbox 214 235 1448 322">
     <span class='ocr_line' id='line_1_1' title="bbox 214 235 1448 322; baseline 0.002 -22"><span class='ocrx_word' id='word_1_1' title='bbox 214 235 276 300; x_wconf 80' lang='grc'>342</span> <span class='ocrx_word' id='word_1_2' title='bbox 322 251 434 322; x_wconf 70' lang='lat' dir='ltr'>conpr.</span> <span class='ocrx_word' id='word_1_3' title='bbox 447 249 563 322; x_wconf 80' lang='lat' dir='ltr'>laquie.</span> <span class='ocrx_word' id='word_1_4' title='bbox 577 249 622 304; x_wconf 82' lang='lat'>13.</span> <span class='ocrx_word' id='word_1_5' title='bbox 636 249 718 305; x_wconf 81' lang='lat' dir='ltr'>Maii</span> <span class='ocrx_word' id='word_1_6' title='bbox 734 249 824 305; x_wconf 80' lang='lat'><em>1868:</em></span> <span class='ocrx_word' id='word_1_7' title='bbox 844 249 934 304; x_wconf 80' lang='lat' dir='ltr'>lustr.</span> <span class='ocrx_word' id='word_1_8' title='bbox 955 250 996 303; x_wconf 85' lang='lat' dir='ltr'>cd</span> <span class='ocrx_word' id='word_1_9' title='bbox 1013 248 1099 316; x_wconf 82' lang='lat' dir='ltr'>prela</span> <span class='ocrx_word' id='word_1_10' title='bbox 1120 247 1193 304; x_wconf 73' lang='lat' dir='ltr'>obet.</span> <span class='ocrx_word' id='word_1_11' title='bbox 1212 247 1283 304; x_wconf 80' lang='lat' dir='ltr'>alic.</span> <span class='ocrx_word' id='word_1_12' title='bbox 1301 249 1448 319; x_wconf 71' lang='lat' dir='ltr'>coniugis.</span> 
     </span>
    </p>
   </div>
   <div class='ocr_carea' id='block_1_2' title="bbox 212 420 1575 1634">
    <p class='ocr_par' dir='ltr' id='par_1_2' title="bbox 216 420 1447 594">
     <span class='ocr_line' id='line_1_2' title="bbox 216 420 1447 506; baseline -0.004 -16"><span class='ocrx_word' id='word_1_13' title='bbox 216 424 308 490; x_wconf 83' lang='lat' dir='ltr'>facile</span> <span class='ocrx_word' id='word_1_14' title='bbox 332 422 439 488; x_wconf 88' lang='lat' dir='ltr'>baberi</span> <span class='ocrx_word' id='word_1_15' title='bbox 462 425 605 506; x_wconf 90' lang='lat' dir='ltr'>poterunt</span> <span class='ocrx_word' id='word_1_16' title='bbox 628 442 646 488; x_wconf 89' lang='lat' dir='ltr'>a</span> <span class='ocrx_word' id='word_1_17' title='bbox 670 422 851 500; x_wconf 91' lang='lat' dir='ltr'>coniunctis,</span> <span class='ocrx_word' id='word_1_18' title='bbox 876 421 993 500; x_wconf 88' lang='lat' dir='ltr'>amicis,</span> <span class='ocrx_word' id='word_1_19' title='bbox 1016 421 1135 499; x_wconf 89' lang='lat' dir='ltr'>vicinis,</span> <span class='ocrx_word' id='word_1_20' title='bbox 1166 424 1198 487; x_wconf 93' lang='lat' dir='ltr'>et</span> <span class='ocrx_word' id='word_1_21' title='bbox 1219 439 1339 504; x_wconf 92' lang='lat' dir='ltr'>quoquo</span> <span class='ocrx_word' id='word_1_22' title='bbox 1362 420 1447 486; x_wconf 91' lang='lat' dir='ltr'>modo</span> 
     </span>
     <span class='ocr_line' id='line_1_3' title="bbox 217 509 1374 594; baseline -0.002 -20"><span class='ocrx_word' id='word_1_23' title='bbox 217 511 296 577; x_wconf 86' lang='lat' dir='ltr'>rrotis</span> <span class='ocrx_word' id='word_1_24' title='bbox 316 511 476 593; x_wconf 90' lang='lat' dir='ltr'>utriusque</span> <span class='ocrx_word' id='word_1_25' title='bbox 499 510 648 594; x_wconf 87' lang='lat' dir='ltr'>coniugis.</span> <span class='ocrx_word' id='word_1_26' title='bbox 696 510 730 574; x_wconf 94' lang='lat' dir='ltr'>ln</span> <span class='ocrx_word' id='word_1_27' title='bbox 751 528 880 594; x_wconf 89' lang='lat' dir='ltr'>quorum</span> <span class='ocrx_word' id='word_1_28' title='bbox 903 509 1039 574; x_wconf 78' lang='lat' dir='ltr'><strong>examine</strong></span> <span class='ocrx_word' id='word_1_29' title='bbox 1061 509 1236 592; x_wconf 76' lang='lat' dir='ltr'>requiratur</span> <span class='ocrx_word' id='word_1_30' title='bbox 1258 529 1304 573; x_wconf 78' lang='lat' dir='ltr'>ea.</span> <span class='ocrx_word' id='word_1_31' title='bbox 1326 529 1374 590; x_wconf 78' lang='lat' dir='ltr'>pr.</span> 
     </span>
    </p>

    <p class='ocr_par' dir='ltr' id='par_1_3' title="bbox 213 595 1448 943">
     <span class='ocr_line' id='line_1_4' title="bbox 315 595 1445 674; baseline -0.006 -10"><span class='ocrx_word' id='word_1_32' title='bbox 315 596 371 664; x_wconf 81' lang='lat' dir='ltr'>An</span> <span class='ocrx_word' id='word_1_33' title='bbox 392 597 455 672; x_wconf 87' lang='lat' dir='ltr'>ille,</span> <span class='ocrx_word' id='word_1_34' title='bbox 479 595 515 661; x_wconf 91' lang='lat' dir='ltr'>de</span> <span class='ocrx_word' id='word_1_35' title='bbox 539 598 625 662; x_wconf 90' lang='lat' dir='ltr'>cuius</span> <span class='ocrx_word' id='word_1_36' title='bbox 645 597 731 663; x_wconf 92' lang='lat' dir='ltr'>obitu</span> <span class='ocrx_word' id='word_1_37' title='bbox 748 599 795 662; x_wconf 88' lang='lat' dir='ltr'>est</span> <span class='ocrx_word' id='word_1_38' title='bbox 810 615 920 674; x_wconf 88' lang='lat' dir='ltr'>sermo,</span> <span class='ocrx_word' id='word_1_39' title='bbox 944 596 1030 661; x_wconf 91' lang='lat' dir='ltr'>bonis</span> <span class='ocrx_word' id='word_1_40' title='bbox 1048 595 1184 660; x_wconf 71' lang='lat' dir='ltr'>mutilans</span> <span class='ocrx_word' id='word_1_41' title='bbox 1200 595 1339 659; x_wconf 87' lang='lat' dir='ltr'>imbutus</span> <span class='ocrx_word' id='word_1_42' title='bbox 1354 597 1445 669; x_wconf 77' lang='lat' dir='ltr'>esset3</span> 
     </span>
     <span class='ocr_line' id='line_1_5' title="bbox 213 681 1448 768; baseline -0.003 -20"><span class='ocrx_word' id='word_1_43' title='bbox 213 685 271 768; x_wconf 90' lang='lat' dir='ltr'>pic,</span> <span class='ocrx_word' id='word_1_44' title='bbox 296 683 500 768; x_wconf 87' lang='lat' dir='ltr'>religioseque</span> <span class='ocrx_word' id='word_1_45' title='bbox 515 683 648 760; x_wconf 85' lang='lat' dir='ltr'>viveret;</span> <span class='ocrx_word' id='word_1_46' title='bbox 672 702 855 766; x_wconf 83' lang='lat' dir='ltr'>uxoremque</span> <span class='ocrx_word' id='word_1_47' title='bbox 871 684 1033 767; x_wconf 83' lang='lat' dir='ltr'>diligeret;</span> <span class='ocrx_word' id='word_1_48' title='bbox 1058 683 1174 748; x_wconf 90' lang='lat' dir='ltr'>nullam</span> <span class='ocrx_word' id='word_1_49' title='bbox 1194 701 1260 748; x_wconf 92' lang='lat' dir='ltr'>sese</span> <span class='ocrx_word' id='word_1_50' title='bbox 1276 681 1448 746; x_wconf 90' lang='lat' dir='ltr'>occultandi</span> 
     </span>
     <span class='ocr_line' id='line_1_6' title="bbox 214 769 1448 853; baseline -0.003 -17"><span class='ocrx_word' id='word_1_51' title='bbox 214 790 338 836; x_wconf 88' lang='lat' dir='ltr'>cansam</span> <span class='ocrx_word' id='word_1_52' title='bbox 363 771 507 844; x_wconf 86' lang='lat' dir='ltr'>baberet;</span> <span class='ocrx_word' id='word_1_53' title='bbox 531 771 635 834; x_wconf 88' lang='lat' dir='ltr'>utrum</span> <span class='ocrx_word' id='word_1_54' title='bbox 658 770 737 835; x_wconf 90' lang='lat' dir='ltr'>bona</span> <span class='ocrx_word' id='word_1_55' title='bbox 760 769 885 835; x_wconf 90' lang='lat' dir='ltr'>stabilia</span> <span class='ocrx_word' id='word_1_56' title='bbox 908 770 1085 853; x_wconf 80' lang='lat' dir='ltr'>possideret,</span> <span class='ocrx_word' id='word_1_57' title='bbox 1109 771 1156 834; x_wconf 88' lang='lat' dir='ltr'>vel</span> <span class='ocrx_word' id='word_1_58' title='bbox 1179 769 1241 835; x_wconf 89' lang='lat' dir='ltr'>alia</span> <span class='ocrx_word' id='word_1_59' title='bbox 1263 789 1282 833; x_wconf 90' lang='lat' dir='ltr'>a</span> <span class='ocrx_word' id='word_1_60' title='bbox 1304 769 1367 832; x_wconf 85' lang='lat' dir='ltr'>suis</span> <span class='ocrx_word' id='word_1_61' title='bbox 1384 787 1448 850; x_wconf 91' lang='lat' dir='ltr'>pro·</span> 
     </span>
     <span class='ocr_line' id='line_1_7' title="bbox 215 855 846 943; baseline -0.003 -21"><span class='ocrx_word' id='word_1_62' title='bbox 215 858 347 943; x_wconf 90' lang='lat' dir='ltr'>pinquis,</span> <span class='ocrx_word' id='word_1_63' title='bbox 368 859 423 922; x_wconf 90' lang='lat' dir='ltr'>aut</span> <span class='ocrx_word' id='word_1_64' title='bbox 444 855 567 921; x_wconf 81' lang='lat' dir='ltr'>aliunde</span> <span class='ocrx_word' id='word_1_65' title='bbox 590 875 712 939; x_wconf 90' lang='lat' dir='ltr'>sperare</span> <span class='ocrx_word' id='word_1_66' title='bbox 735 860 846 940; x_wconf 88' lang='lat' dir='ltr'>posset.</span> 
     </span>
    </p>

    <p class='ocr_par' dir='ltr' id='par_1_4' title="bbox 213 940 1575 1108">
     <span class='ocr_line' id='line_1_8' title="bbox 314 940 1575 1030; baseline -0.006 -19"><span class='ocrx_word' id='word_1_67' title='bbox 314 944 368 1011; x_wconf 81' lang='lat' dir='ltr'>An</span> <span class='ocrx_word' id='word_1_68' title='bbox 390 944 567 1010; x_wconf 81' lang='lat' dir='ltr'>discesserit</span> <span class='ocrx_word' id='word_1_69' title='bbox 591 944 797 1009; x_wconf 81' lang='lat' dir='ltr'>annuentibus</span> <span class='ocrx_word' id='word_1_70' title='bbox 812 963 913 1022; x_wconf 82' lang='lat' dir='ltr'>uxore,</span> <span class='ocrx_word' id='word_1_71' title='bbox 937 946 969 1008; x_wconf 92' lang='lat' dir='ltr'>et</span> <span class='ocrx_word' id='word_1_72' title='bbox 989 944 1176 1020; x_wconf 89' lang='lat' dir='ltr'>coniunctis;</span> <span class='ocrx_word' id='word_1_73' title='bbox 1200 961 1279 1026; x_wconf 91' lang='lat' dir='ltr'>qnae</span> <span class='ocrx_word' id='word_1_74' title='bbox 1295 943 1370 1006; x_wconf 89' lang='lat' dir='ltr'>tunc</span> <span class='ocrx_word' id='word_1_75' title='bbox 1385 940 1449 1004; x_wconf 90' lang='lat' dir='ltr'>eius</span> <span class='ocrx_word' id='word_1_76' title='bbox 1574 1025 1575 1030; x_wconf 5' lang='grc' dir='ltr'>ἵ</span> 
     </span>
     <span class='ocr_line' id='line_1_9' title="bbox 213 1031 1575 1108; baseline -0.003 -12"><span class='ocrx_word' id='word_1_77' title='bbox 213 1035 312 1108; x_wconf 85' lang='lat' dir='ltr'>aetas,</span> <span class='ocrx_word' id='word_1_78' title='bbox 334 1033 366 1096; x_wconf 89' lang='lat' dir='ltr'>et</span> <span class='ocrx_word' id='word_1_79' title='bbox 389 1031 533 1098; x_wconf 83' lang='lat' dir='ltr'>valetudo</span> <span class='ocrx_word' id='word_1_80' title='bbox 557 1033 647 1096; x_wconf 87' lang='lat' dir='ltr'>esset.</span> <span class='ocrx_word' id='word_1_81' title='bbox 1574 1045 1575 1062; x_wconf 61' lang='lat'>¹</span> 
     </span>
    </p>

    <p class='ocr_par' dir='ltr' id='par_1_5' title="bbox 212 1115 1575 1634">
     <span class='ocr_line' id='line_1_10' title="bbox 317 1115 1449 1202; baseline -0.003 -20"><span class='ocrx_word' id='word_1_82' title='bbox 317 1120 369 1183; x_wconf 85' lang='lat' dir='ltr'>An</span> <span class='ocrx_word' id='word_1_83' title='bbox 393 1117 567 1202; x_wconf 88' lang='lat' dir='ltr'>aliquando,</span> <span class='ocrx_word' id='word_1_84' title='bbox 590 1120 620 1182; x_wconf 87' lang='lat' dir='ltr'>et</span> <span class='ocrx_word' id='word_1_85' title='bbox 642 1135 703 1199; x_wconf 92' lang='lat' dir='ltr'>quo</span> <span class='ocrx_word' id='word_1_86' title='bbox 726 1116 791 1180; x_wconf 92' lang='lat' dir='ltr'>loco</span> <span class='ocrx_word' id='word_1_87' title='bbox 814 1117 980 1199; x_wconf 84' lang='lat' dir='ltr'>scripserit,</span> <span class='ocrx_word' id='word_1_88' title='bbox 1005 1118 1038 1181; x_wconf 90' lang='lat' dir='ltr'>et</span> <span class='ocrx_word' id='word_1_89' title='bbox 1061 1135 1132 1181; x_wconf 93' lang='lat' dir='ltr'>num</span> <span class='ocrx_word' id='word_1_90' title='bbox 1156 1115 1449 1182; x_wconf 87' lang='lat' dir='ltr'>suamvoluntatem</span> 
     </span>
     <span class='ocr_line' id='line_1_11' title="bbox 212 1201 1450 1288; baseline -0.002 -20"><span class='ocrx_word' id='word_1_91' title='bbox 212 1203 439 1286; x_wconf 83' lang='lat' dir='ltr'>quamprimum</span> <span class='ocrx_word' id='word_1_92' title='bbox 462 1203 610 1270; x_wconf 89' lang='lat' dir='ltr'>redeundi</span> <span class='ocrx_word' id='word_1_93' title='bbox 633 1205 787 1287; x_wconf 83' lang='lat' dir='ltr'>aperuerit</span> <span class='ocrx_word' id='word_1_94' title='bbox 797 1215 828 1287; x_wconf 69' lang='grc' dir='ltr'>,ἠ</span> <span class='ocrx_word' id='word_1_95' title='bbox 838 1203 960 1287; x_wconf 88' lang='lat' dir='ltr'>aliaque</span> <span class='ocrx_word' id='word_1_96' title='bbox 991 1203 1083 1268; x_wconf 88' lang='lat' dir='ltr'>huius</span> <span class='ocrx_word' id='word_1_97' title='bbox 1112 1203 1232 1288; x_wconf 89' lang='lat' dir='ltr'>generis</span> <span class='ocrx_word' id='word_1_98' title='bbox 1254 1201 1370 1268; x_wconf 89' lang='lat' dir='ltr'>indicia</span> <span class='ocrx_word' id='word_1_99' title='bbox 1389 1201 1450 1267; x_wconf 92' lang='lat' dir='ltr'>col-</span> 
     </span>
     <span class='ocr_line' id='line_1_12' title="bbox 215 1291 363 1356; baseline 0 -1"><span class='ocrx_word' id='word_1_100' title='bbox 215 1291 238 1355; x_wconf 95' lang='lat' dir='ltr'>li</span> <span class='ocrx_word' id='word_1_101' title='bbox 263 1295 363 1356; x_wconf 89' lang='lat' dir='ltr'>antur.</span> 
     </span>
     <span class='ocr_line' id='line_1_13' title="bbox 240 1311 1575 1466; baseline -0.001 -25"><span class='ocrx_word' id='word_1_102' title='bbox 240 1311 260 1375; x_wconf 69' lang='lat' dir='ltr'><strong>g</strong></span> <span class='ocrx_word' id='word_1_103' title='bbox 317 1376 388 1441; x_wconf 85' lang='lat' dir='ltr'>Alia</span> <span class='ocrx_word' id='word_1_104' title='bbox 411 1395 445 1440; x_wconf 83' lang='lat' dir='ltr'>er</span> <span class='ocrx_word' id='word_1_105' title='bbox 467 1395 569 1441; x_wconf 88' lang='lat' dir='ltr'>rernm</span> <span class='ocrx_word' id='word_1_106' title='bbox 591 1375 745 1442; x_wconf 90' lang='lat' dir='ltr'>adiunctis</span> <span class='ocrx_word' id='word_1_107' title='bbox 761 1396 815 1459; x_wconf 92' lang='lat' dir='ltr'>pro</span> <span class='ocrx_word' id='word_1_108' title='bbox 832 1376 917 1441; x_wconf 87' lang='lat' dir='ltr'>varia</span> <span class='ocrx_word' id='word_1_109' title='bbox 933 1376 1092 1442; x_wconf 89' lang='lat' dir='ltr'>absentiae</span> <span class='ocrx_word' id='word_1_110' title='bbox 1108 1395 1201 1442; x_wconf 87' lang='lat' dir='ltr'>cansa</span> <span class='ocrx_word' id='word_1_111' title='bbox 1216 1374 1322 1460; x_wconf 84' lang='lat' dir='ltr'>colligi</span> <span class='ocrx_word' id='word_1_112' title='bbox 1338 1374 1452 1440; x_wconf 91' lang='lat' dir='ltr'>indicia</span> <span class='ocrx_word' id='word_1_113' title='bbox 1574 1443 1575 1466; x_wconf 46' lang='lat'>,</span> 
     </span>
     <span class='ocr_line' id='line_1_14' title="bbox 216 1463 439 1548; baseline -0.004 -20"><span class='ocrx_word' id='word_1_114' title='bbox 216 1463 261 1529; x_wconf 93' lang='lat' dir='ltr'>sic</span> <span class='ocrx_word' id='word_1_115' title='bbox 284 1464 439 1548; x_wconf 91' lang='lat' dir='ltr'>poterunt.</span> 
     </span>
     <span class='ocr_line' id='line_1_15' title="bbox 316 1547 1575 1634; baseline -0.003 -17"><span class='ocrx_word' id='word_1_116' title='bbox 316 1551 354 1617; x_wconf 72' lang='lat' dir='ltr'>se·</span> <span class='ocrx_word' id='word_1_117' title='bbox 375 1550 412 1616; x_wconf 85' lang='lat' dir='ltr'>ob</span> <span class='ocrx_word' id='word_1_118' title='bbox 431 1550 580 1616; x_wconf 84' lang='lat' dir='ltr'>militiam</span> <span class='ocrx_word' id='word_1_119' title='bbox 602 1550 730 1627; x_wconf 83' lang='lat' dir='ltr'>obierit,</span> <span class='ocrx_word' id='word_1_120' title='bbox 764 1568 783 1613; x_wconf 91' lang='lat' dir='ltr'>a</span> <span class='ocrx_word' id='word_1_121' title='bbox 805 1550 881 1615; x_wconf 90' lang='lat' dir='ltr'>duce</span> <span class='ocrx_word' id='word_1_122' title='bbox 904 1550 1039 1615; x_wconf 87' lang='lat' dir='ltr'>rnilitum</span> <span class='ocrx_word' id='word_1_123' title='bbox 1063 1551 1239 1634; x_wconf 88' lang='lat' dir='ltr'>requiretur</span> <span class='ocrx_word' id='word_1_124' title='bbox 1259 1548 1332 1632; x_wconf 88' lang='lat' dir='ltr'>quid</span> <span class='ocrx_word' id='word_1_125' title='bbox 1357 1547 1393 1613; x_wconf 94' lang='lat' dir='ltr'>de</span> <span class='ocrx_word' id='word_1_126' title='bbox 1417 1567 1451 1613; x_wconf 89' lang='lat' dir='ltr'>eo</span> <span class='ocrx_word' id='word_1_127' title='bbox 1574 1547 1575 1594; x_wconf 57' lang='lat' dir='ltr'>l</span> 
     </span>
    </p>
   </div>
   <div class='ocr_carea' id='block_1_3' title="bbox 213 1635 1575 1808">
    <p class='ocr_par' dir='ltr' id='par_1_6' title="bbox 213 1635 1575 1808">
     <span class='ocr_line' id='line_1_16' title="bbox 213 1635 1575 1720; baseline -0.004 -18"><span class='ocrx_word' id='word_1_128' title='bbox 213 1635 308 1713; x_wconf 88' lang='lat' dir='ltr'>sciat;</span> <span class='ocrx_word' id='word_1_129' title='bbox 342 1639 448 1702; x_wconf 89' lang='lat' dir='ltr'>utrum</span> <span class='ocrx_word' id='word_1_130' title='bbox 479 1635 572 1702; x_wconf 89' lang='lat' dir='ltr'>alicui</span> <span class='ocrx_word' id='word_1_131' title='bbox 604 1655 726 1720; x_wconf 89' lang='lat' dir='ltr'>pugnae</span> <span class='ocrx_word' id='word_1_132' title='bbox 748 1636 943 1714; x_wconf 57' lang='lat' dir='ltr'>intenderim</span> <span class='ocrx_word' id='word_1_133' title='bbox 978 1640 1082 1702; x_wconf 89' lang='lat' dir='ltr'>utrum</span> <span class='ocrx_word' id='word_1_134' title='bbox 1117 1638 1156 1702; x_wconf 88' lang='lat' dir='ltr'>ab</span> <span class='ocrx_word' id='word_1_135' title='bbox 1187 1636 1327 1701; x_wconf 87' lang='lat' dir='ltr'>hostibus</span> <span class='ocrx_word' id='word_1_136' title='bbox 1357 1635 1452 1700; x_wconf 80' lang='lat' dir='ltr'>luent</span> <span class='ocrx_word' id='word_1_137' title='bbox 1574 1685 1575 1690; x_wconf 59' lang='grc'>,</span> 
     </span>
     <span class='ocr_line' id='line_1_17' title="bbox 214 1721 1575 1808; baseline -0.002 -20"><span class='ocrx_word' id='word_1_138' title='bbox 214 1726 340 1807; x_wconf 90' lang='lat' dir='ltr'>captns;</span> <span class='ocrx_word' id='word_1_139' title='bbox 376 1743 448 1788; x_wconf 85' lang='lat' dir='ltr'>nuru</span> <span class='ocrx_word' id='word_1_140' title='bbox 481 1727 585 1788; x_wconf 88' lang='lat' dir='ltr'>castra</span> <span class='ocrx_word' id='word_1_141' title='bbox 618 1723 802 1802; x_wconf 82' lang='lat' dir='ltr'>deseruerit,</span> <span class='ocrx_word' id='word_1_142' title='bbox 838 1726 892 1788; x_wconf 90' lang='lat' dir='ltr'>aut</span> <span class='ocrx_word' id='word_1_143' title='bbox 926 1723 1148 1791; x_wconf 89' lang='lat' dir='ltr'>destinatioues</span> <span class='ocrx_word' id='word_1_144' title='bbox 1178 1722 1364 1808; x_wconf 86' lang='lat' dir='ltr'>periculosas</span> <span class='ocrx_word' id='word_1_145' title='bbox 1396 1721 1453 1786; x_wconf 88' lang='lat' dir='ltr'>ba·</span> <span class='ocrx_word' id='word_1_146' title='bbox 1574 1735 1575 1740; x_wconf 73' lang='grc'>’</span> 
     </span>
    </p>
   </div>
   <div class='ocr_carea' id='block_1_4' title="bbox 213 1809 1454 2415">
    <p class='ocr_par' dir='ltr' id='par_1_7' title="bbox 215 1809 395 1877">
     <span class='ocr_line' id='line_1_18' title="bbox 215 1809 395 1877; baseline 0.006 -3"><span class='ocrx_word' id='word_1_147' title='bbox 215 1809 317 1876; x_wconf 90' lang='lat' dir='ltr'>buerit</span> <span class='ocrx_word' id='word_1_148' title='bbox 339 1817 395 1877; x_wconf 84' lang='lat' dir='ltr'>etc.</span> 
     </span>
    </p>

    <p class='ocr_par' dir='ltr' id='par_1_8' title="bbox 213 1897 1452 2241">
     <span class='ocr_line' id='line_1_19' title="bbox 268 1897 1452 1982; baseline -0.005 -18"><span class='ocrx_word' id='word_1_149' title='bbox 268 1913 283 1974; x_wconf 61' lang='grc' dir='ltr'><em>ᾗ</em></span> <span class='ocrx_word' id='word_1_150' title='bbox 316 1897 353 1964; x_wconf 81' lang='lat' dir='ltr'>Si</span> <span class='ocrx_word' id='word_1_151' title='bbox 375 1898 593 1982; x_wconf 79' lang='lat' dir='ltr'>nepotirrtiooc&#39;o</span> <span class='ocrx_word' id='word_1_152' title='bbox 615 1917 710 1964; x_wconf 84' lang='lat' dir='ltr'>ceusu</span> <span class='ocrx_word' id='word_1_153' title='bbox 733 1899 791 1964; x_wconf 84' lang='lat' dir='ltr'>iter</span> <span class='ocrx_word' id='word_1_154' title='bbox 804 1900 974 1980; x_wconf 80' lang='lat' dir='ltr'>occoeperit</span> <span class='ocrx_word' id='word_1_155' title='bbox 988 1897 1172 1982; x_wconf 88' lang='lat' dir='ltr'>inquiratur,</span> <span class='ocrx_word' id='word_1_156' title='bbox 1194 1898 1299 1960; x_wconf 88' lang='lat' dir='ltr'>utrum</span> <span class='ocrx_word' id='word_1_157' title='bbox 1315 1897 1452 1977; x_wconf 88' lang='lat' dir='ltr'>ternpore</span> 
     </span>
     <span class='ocr_line' id='line_1_20' title="bbox 213 1981 1452 2068; baseline -0.002 -21"><span class='ocrx_word' id='word_1_158' title='bbox 213 1982 333 2049; x_wconf 88' lang='lat' dir='ltr'>itineris</span> <span class='ocrx_word' id='word_1_159' title='bbox 357 1985 464 2068; x_wconf 85' lang='lat' dir='ltr'>gravia</span> <span class='ocrx_word' id='word_1_160' title='bbox 487 1985 621 2067; x_wconf 88' lang='lat' dir='ltr'>pericula</span> <span class='ocrx_word' id='word_1_161' title='bbox 644 1983 760 2048; x_wconf 87' lang='lat' dir='ltr'>luerint</span> <span class='ocrx_word' id='word_1_162' title='bbox 783 1985 841 2066; x_wconf 93' lang='lat' dir='ltr'>ipsi</span> <span class='ocrx_word' id='word_1_163' title='bbox 864 1985 1053 2066; x_wconf 89' lang='lat' dir='ltr'>superanda:</span> <span class='ocrx_word' id='word_1_164' title='bbox 1086 2003 1159 2048; x_wconf 91' lang='lat' dir='ltr'>unm</span> <span class='ocrx_word' id='word_1_165' title='bbox 1192 1984 1275 2047; x_wconf 87' lang='lat' dir='ltr'>solus</span> <span class='ocrx_word' id='word_1_166' title='bbox 1298 1981 1452 2065; x_wconf 84' lang='lat' dir='ltr'>proiectus</span> 
     </span>
     <span class='ocr_line' id='line_1_21' title="bbox 214 2069 1452 2156; baseline -0.002 -22"><span class='ocrx_word' id='word_1_167' title='bbox 214 2070 319 2148; x_wconf 87' lang='lat' dir='ltr'>fuerit,</span> <span class='ocrx_word' id='word_1_168' title='bbox 344 2071 391 2136; x_wconf 86' lang='lat' dir='ltr'>rel</span> <span class='ocrx_word' id='word_1_169' title='bbox 414 2070 555 2156; x_wconf 88' lang='lat' dir='ltr'>pluribus</span> <span class='ocrx_word' id='word_1_170' title='bbox 578 2070 762 2137; x_wconf 88' lang='lat' dir='ltr'>comitatus:</span> <span class='ocrx_word' id='word_1_171' title='bbox 788 2074 891 2136; x_wconf 89' lang='lat' dir='ltr'>utrum</span> <span class='ocrx_word' id='word_1_172' title='bbox 916 2072 948 2134; x_wconf 92' lang='lat' dir='ltr'>iu</span> <span class='ocrx_word' id='word_1_173' title='bbox 972 2071 1126 2155; x_wconf 88' lang='lat' dir='ltr'>regionem</span> <span class='ocrx_word' id='word_1_174' title='bbox 1149 2069 1189 2134; x_wconf 91' lang='lat' dir='ltr'>ad</span> <span class='ocrx_word' id='word_1_175' title='bbox 1212 2089 1303 2152; x_wconf 90' lang='lat' dir='ltr'>quam</span> <span class='ocrx_word' id='word_1_176' title='bbox 1327 2088 1359 2133; x_wconf 91' lang='lat' dir='ltr'>se</span> <span class='ocrx_word' id='word_1_177' title='bbox 1381 2087 1452 2132; x_wconf 90' lang='lat' dir='ltr'>con-</span> 
     </span>
     <span class='ocr_line' id='line_1_22' title="bbox 214 2157 1410 2241; baseline -0.001 -20"><span class='ocrx_word' id='word_1_178' title='bbox 214 2157 289 2223; x_wconf 92' lang='lat' dir='ltr'>tulit</span> <span class='ocrx_word' id='word_1_179' title='bbox 313 2158 544 2241; x_wconf 85' lang='lat' dir='ltr'>supervenerint</span> <span class='ocrx_word' id='word_1_180' title='bbox 563 2157 740 2234; x_wconf 86' lang='lat' dir='ltr'>seditiones,</span> <span class='ocrx_word' id='word_1_181' title='bbox 764 2158 854 2234; x_wconf 86' lang='lat' dir='ltr'>bella,</span> <span class='ocrx_word' id='word_1_182' title='bbox 877 2158 985 2238; x_wconf 87' lang='lat' dir='ltr'>fames,</span> <span class='ocrx_word' id='word_1_183' title='bbox 1009 2163 1040 2222; x_wconf 91' lang='lat' dir='ltr'>et</span> <span class='ocrx_word' id='word_1_184' title='bbox 1062 2157 1256 2240; x_wconf 89' lang='lat' dir='ltr'>pestilentiae</span> <span class='ocrx_word' id='word_1_185' title='bbox 1278 2162 1332 2222; x_wconf 86' lang='lat' dir='ltr'>etc.</span> <span class='ocrx_word' id='word_1_186' title='bbox 1356 2161 1410 2221; x_wconf 85' lang='lat' dir='ltr'>ete.</span> 
     </span>
    </p>

    <p class='ocr_par' dir='ltr' id='par_1_9' title="bbox 215 2242 1454 2415">
     <span class='ocr_line' id='line_1_23' title="bbox 320 2242 1454 2330; baseline -0.004 -20"><span class='ocrx_word' id='word_1_187' title='bbox 320 2243 356 2310; x_wconf 82' lang='lat' dir='ltr'>Si</span> <span class='ocrx_word' id='word_1_188' title='bbox 378 2245 571 2310; x_wconf 80' lang='lat' dir='ltr'>maritimum</span> <span class='ocrx_word' id='word_1_189' title='bbox 593 2247 653 2310; x_wconf 83' lang='lat' dir='ltr'>iter</span> <span class='ocrx_word' id='word_1_190' title='bbox 673 2247 770 2326; x_wconf 76' lang='lat' dir='ltr'>fuer-it</span> <span class='ocrx_word' id='word_1_191' title='bbox 793 2265 956 2330; x_wconf 81' lang='lat' dir='ltr'>oppressus</span> <span class='ocrx_word' id='word_1_192' title='bbox 988 2244 1095 2312; x_wconf 87' lang='lat' dir='ltr'>sedula</span> <span class='ocrx_word' id='word_1_193' title='bbox 1124 2243 1323 2328; x_wconf 87' lang='lat' dir='ltr'>investigatio</span> <span class='ocrx_word' id='word_1_194' title='bbox 1355 2242 1411 2306; x_wconf 90' lang='lat' dir='ltr'>fiat</span> <span class='ocrx_word' id='word_1_195' title='bbox 1436 2261 1454 2306; x_wconf 90' lang='lat' dir='ltr'>a</span> 
     </span>
     <span class='ocr_line' id='line_1_24' title="bbox 215 2328 1454 2415; baseline 0.002 -21"><span class='ocrx_word' id='word_1_196' title='bbox 215 2349 276 2413; x_wconf 94' lang='lat' dir='ltr'>quo</span> <span class='ocrx_word' id='word_1_197' title='bbox 299 2333 389 2413; x_wconf 91' lang='lat' dir='ltr'>portu</span> <span class='ocrx_word' id='word_1_198' title='bbox 412 2330 603 2409; x_wconf 84' lang='lat' dir='ltr'>discesserit;</span> <span class='ocrx_word' id='word_1_199' title='bbox 628 2332 752 2414; x_wconf 89' lang='lat' dir='ltr'>quinam</span> <span class='ocrx_word' id='word_1_200' title='bbox 770 2331 885 2396; x_wconf 87' lang='lat' dir='ltr'>luerint</span> <span class='ocrx_word' id='word_1_201' title='bbox 899 2331 1018 2397; x_wconf 89' lang='lat' dir='ltr'>itineris</span> <span class='ocrx_word' id='word_1_202' title='bbox 1034 2331 1125 2408; x_wconf 86' lang='lat' dir='ltr'>socii;</span> <span class='ocrx_word' id='word_1_203' title='bbox 1144 2349 1204 2415; x_wconf 93' lang='lat' dir='ltr'>qno</span> <span class='ocrx_word' id='word_1_204' title='bbox 1219 2349 1251 2395; x_wconf 92' lang='lat' dir='ltr'>se</span> <span class='ocrx_word' id='word_1_205' title='bbox 1266 2328 1454 2396; x_wconf 88' lang='lat' dir='ltr'>contulerit:</span> 
     </span>
    </p>
   </div>
   <div class='ocr_carea' id='block_1_5' title="bbox 217 2415 1575 2502">
    <p class='ocr_par' dir='ltr' id='par_1_10' title="bbox 217 2415 1575 2502">
     <span class='ocr_line' id='line_1_25' title="bbox 217 2415 1575 2502; baseline 0.001 -23"><span class='ocrx_word' id='word_1_206' title='bbox 217 2415 298 2499; x_wconf 92' lang='lat' dir='ltr'>quod</span> <span class='ocrx_word' id='word_1_207' title='bbox 321 2435 430 2484; x_wconf 89' lang='lat' dir='ltr'>nornen</span> <span class='ocrx_word' id='word_1_208' title='bbox 455 2420 540 2482; x_wconf 86' lang='lat' dir='ltr'>nanis</span> <span class='ocrx_word' id='word_1_209' title='bbox 562 2437 655 2501; x_wconf 90' lang='lat' dir='ltr'>quarn</span> <span class='ocrx_word' id='word_1_210' title='bbox 679 2417 876 2495; x_wconf 81' lang='lat' dir='ltr'>conscendit3</span> <span class='ocrx_word' id='word_1_211' title='bbox 901 2419 969 2502; x_wconf 93' lang='lat' dir='ltr'>quis</span> <span class='ocrx_word' id='word_1_212' title='bbox 992 2417 1126 2483; x_wconf 88' lang='lat' dir='ltr'>eiusdem</span> <span class='ocrx_word' id='word_1_213' title='bbox 1148 2417 1235 2481; x_wconf 85' lang='lat' dir='ltr'>navis</span> <span class='ocrx_word' id='word_1_214' title='bbox 1252 2417 1454 2500; x_wconf 69' lang='lat' dir='ltr'>gubernatore</span> <span class='ocrx_word' id='word_1_215' title='bbox 1574 2429 1575 2444; x_wconf 56' lang='lat'><strong>³</strong></span> 
     </span>
    </p>
   </div>
   <div class='ocr_carea' id='block_1_6' title="bbox 214 2503 1455 2674">
    <p class='ocr_par' dir='ltr' id='par_1_11' title="bbox 214 2503 1455 2674">
     <span class='ocr_line' id='line_1_26' title="bbox 217 2503 1454 2588; baseline -0.001 -21"><span class='ocrx_word' id='word_1_216' title='bbox 217 2523 256 2567; x_wconf 91' lang='lat' dir='ltr'>au</span> <span class='ocrx_word' id='word_1_217' title='bbox 280 2503 475 2587; x_wconf 79' lang='lat' dir='ltr'>naufragium</span> <span class='ocrx_word' id='word_1_218' title='bbox 501 2505 625 2581; x_wconf 81' lang='lat' dir='ltr'>iecerit3</span> <span class='ocrx_word' id='word_1_219' title='bbox 654 2522 691 2567; x_wconf 88' lang='lat' dir='ltr'>an</span> <span class='ocrx_word' id='word_1_220' title='bbox 715 2504 846 2570; x_wconf 89' lang='lat' dir='ltr'>societas</span> <span class='ocrx_word' id='word_1_221' title='bbox 868 2524 945 2588; x_wconf 89' lang='lat' dir='ltr'>qnae</span> <span class='ocrx_word' id='word_1_222' title='bbox 969 2507 1055 2570; x_wconf 88' lang='lat' dir='ltr'>nevis</span> <span class='ocrx_word' id='word_1_223' title='bbox 1078 2505 1250 2569; x_wconf 89' lang='lat' dir='ltr'>cantionem</span> <span class='ocrx_word' id='word_1_224' title='bbox 1276 2505 1377 2568; x_wconf 88' lang='lat' dir='ltr'>lorsan</span> <span class='ocrx_word' id='word_1_225' title='bbox 1401 2503 1454 2566; x_wconf 86' lang='lat' dir='ltr'>de-</span> 
     </span>
     <span class='ocr_line' id='line_1_27' title="bbox 214 2588 1455 2674; baseline -0.002 -20"><span class='ocrx_word' id='word_1_226' title='bbox 214 2589 272 2665; x_wconf 87' lang='lat' dir='ltr'>dit,</span> <span class='ocrx_word' id='word_1_227' title='bbox 297 2590 431 2674; x_wconf 80' lang='lat' dir='ltr'>pretiem</span> <span class='ocrx_word' id='word_1_228' title='bbox 455 2591 521 2656; x_wconf 91' lang='lat' dir='ltr'>eins</span> <span class='ocrx_word' id='word_1_229' title='bbox 543 2591 686 2668; x_wconf 84' lang='lat' dir='ltr'>solverit;</span> <span class='ocrx_word' id='word_1_230' title='bbox 715 2591 855 2674; x_wconf 89' lang='lat' dir='ltr'>aliaeque</span> <span class='ocrx_word' id='word_1_231' title='bbox 875 2592 1137 2669; x_wconf 88' lang='lat' dir='ltr'>circumstantiae,</span> <span class='ocrx_word' id='word_1_232' title='bbox 1161 2592 1187 2656; x_wconf 90' lang='lat' dir='ltr'>si</span> <span class='ocrx_word' id='word_1_233' title='bbox 1210 2609 1288 2673; x_wconf 90' lang='lat' dir='ltr'>quae</span> <span class='ocrx_word' id='word_1_234' title='bbox 1311 2590 1383 2667; x_wconf 87' lang='lat' dir='ltr'>sint,</span> <span class='ocrx_word' id='word_1_235' title='bbox 1407 2588 1455 2652; x_wconf 93' lang='lat' dir='ltr'>di·</span> 
     </span>
    </p>
   </div>
   <div class='ocr_carea' id='block_1_7' title="bbox 76 2675 609 2761">
    <p class='ocr_par' dir='ltr' id='par_1_12' title="bbox 76 2675 609 2761">
     <span class='ocr_line' id='line_1_28' title="bbox 76 2675 609 2761; baseline 0.004 -21"><span class='ocrx_word' id='word_1_236' title='bbox 76 2709 86 2726; x_wconf 77' lang='lat'>,</span> <span class='ocrx_word' id='word_1_237' title='bbox 214 2675 351 2761; x_wconf 88' lang='lat' dir='ltr'>ligenter</span> <span class='ocrx_word' id='word_1_238' title='bbox 372 2677 609 2761; x_wconf 86' lang='lat' dir='ltr'>perpenduntur.</span> 
     </span>
    </p>
   </div>
   <div class='ocr_carea' id='block_1_8' title="bbox 211 2761 1455 3023">
    <p class='ocr_par' dir='ltr' id='par_1_13' title="bbox 211 2761 1455 3023">
     <span class='ocr_line' id='line_1_29' title="bbox 318 2761 1453 2850; baseline -0.003 -23"><span class='ocrx_word' id='word_1_239' title='bbox 318 2765 347 2828; x_wconf 92' lang='lat'>8.</span> <span class='ocrx_word' id='word_1_240' title='bbox 370 2764 468 2830; x_wconf 85' lang='lat' dir='ltr'>Fama</span> <span class='ocrx_word' id='word_1_241' title='bbox 488 2784 607 2848; x_wconf 92' lang='lat' dir='ltr'>quoqne</span> <span class='ocrx_word' id='word_1_242' title='bbox 629 2763 699 2829; x_wconf 90' lang='lat' dir='ltr'>aliis</span> <span class='ocrx_word' id='word_1_243' title='bbox 722 2763 828 2828; x_wconf 89' lang='lat' dir='ltr'>adiuta</span> <span class='ocrx_word' id='word_1_244' title='bbox 850 2763 1047 2830; x_wconf 86' lang='lat' dir='ltr'>adminiculis</span> <span class='ocrx_word' id='word_1_245' title='bbox 1069 2765 1286 2850; x_wconf 88' lang='lat' dir='ltr'>argumentum</span> <span class='ocrx_word' id='word_1_246' title='bbox 1308 2762 1346 2827; x_wconf 90' lang='lat' dir='ltr'>de</span> <span class='ocrx_word' id='word_1_247' title='bbox 1367 2761 1453 2827; x_wconf 91' lang='lat' dir='ltr'>obitu</span> 
     </span>
     <span class='ocr_line' id='line_1_30' title="bbox 213 2849 1455 2936; baseline -0.002 -21"><span class='ocrx_word' id='word_1_248' title='bbox 213 2850 391 2928; x_wconf 89' lang='lat' dir='ltr'>constitnit,</span> <span class='ocrx_word' id='word_1_249' title='bbox 416 2851 499 2916; x_wconf 89' lang='lat' dir='ltr'>bisce</span> <span class='ocrx_word' id='word_1_250' title='bbox 521 2855 625 2916; x_wconf 88' lang='lat' dir='ltr'>tamen</span> <span class='ocrx_word' id='word_1_251' title='bbox 649 2850 891 2928; x_wconf 89' lang='lat' dir='ltr'>conditionibus,</span> <span class='ocrx_word' id='word_1_252' title='bbox 916 2852 1081 2929; x_wconf 88' lang='lat' dir='ltr'>nimirnm;</span> <span class='ocrx_word' id='word_1_253' title='bbox 1104 2851 1184 2936; x_wconf 89' lang='lat' dir='ltr'>quod</span> <span class='ocrx_word' id='word_1_254' title='bbox 1207 2870 1226 2914; x_wconf 90' lang='lat' dir='ltr'>a</span> <span class='ocrx_word' id='word_1_255' title='bbox 1249 2849 1368 2915; x_wconf 92' lang='lat' dir='ltr'>duobus</span> <span class='ocrx_word' id='word_1_256' title='bbox 1391 2850 1455 2913; x_wconf 83' lang='lat' dir='ltr'>sal-</span> 
     </span>
     <span class='ocr_line' id='line_1_31' title="bbox 211 2935 1454 3023; baseline -0.002 -21"><span class='ocrx_word' id='word_1_257' title='bbox 211 2939 273 3002; x_wconf 86' lang='lat' dir='ltr'>tem</span> <span class='ocrx_word' id='word_1_258' title='bbox 298 2938 431 3004; x_wconf 89' lang='lat' dir='ltr'>testibus</span> <span class='ocrx_word' id='word_1_259' title='bbox 453 2938 513 3003; x_wconf 88' lang='lat' dir='ltr'>fide</span> <span class='ocrx_word' id='word_1_260' title='bbox 534 2938 637 3021; x_wconf 85' lang='lat' dir='ltr'>dignis</span> <span class='ocrx_word' id='word_1_261' title='bbox 658 2941 689 3002; x_wconf 88' lang='lat' dir='ltr'>et</span> <span class='ocrx_word' id='word_1_262' title='bbox 710 2938 821 3003; x_wconf 84' lang='lat' dir='ltr'>iuratis</span> <span class='ocrx_word' id='word_1_263' title='bbox 844 2939 1074 3021; x_wconf 77' lang='lat' dir='ltr'>comprobetnr3</span> <span class='ocrx_word' id='word_1_264' title='bbox 1099 2941 1150 3023; x_wconf 92' lang='lat' dir='ltr'>qui</span> <span class='ocrx_word' id='word_1_265' title='bbox 1174 2938 1330 3020; x_wconf 89' lang='lat' dir='ltr'>deponant</span> <span class='ocrx_word' id='word_1_266' title='bbox 1349 2935 1386 3000; x_wconf 90' lang='lat' dir='ltr'>de</span> <span class='ocrx_word' id='word_1_267' title='bbox 1402 2955 1454 3000; x_wconf 89' lang='lat' dir='ltr'>ra·</span> 
     </span>
    </p>
   </div>
   <div class='ocr_carea' id='block_1_9' title="bbox 210 3023 1575 3109">
    <p class='ocr_par' dir='ltr' id='par_1_14' title="bbox 210 3023 1575 3109">
     <span class='ocr_line' id='line_1_32' title="bbox 210 3023 1575 3109; baseline -0.004 -21"><span class='ocrx_word' id='word_1_268' title='bbox 210 3024 354 3090; x_wconf 90' lang='lat' dir='ltr'>tionabili</span> <span class='ocrx_word' id='word_1_269' title='bbox 372 3043 466 3091; x_wconf 89' lang='lat' dir='ltr'>cansa</span> <span class='ocrx_word' id='word_1_270' title='bbox 485 3026 581 3108; x_wconf 88' lang='lat' dir='ltr'>ipsius</span> <span class='ocrx_word' id='word_1_271' title='bbox 603 3025 721 3100; x_wconf 72' lang='lat' dir='ltr'>lamae,</span> <span class='ocrx_word' id='word_1_272' title='bbox 753 3044 790 3088; x_wconf 89' lang='lat' dir='ltr'>an</span> <span class='ocrx_word' id='word_1_273' title='bbox 812 3043 881 3089; x_wconf 90' lang='lat' dir='ltr'>eam</span> <span class='ocrx_word' id='word_1_274' title='bbox 903 3027 1077 3109; x_wconf 89' lang='lat' dir='ltr'>acceperint</span> <span class='ocrx_word' id='word_1_275' title='bbox 1099 3045 1117 3090; x_wconf 92' lang='lat' dir='ltr'>a</span> <span class='ocrx_word' id='word_1_276' title='bbox 1140 3025 1260 3102; x_wconf 89' lang='lat' dir='ltr'>maiori,</span> <span class='ocrx_word' id='word_1_277' title='bbox 1282 3026 1315 3090; x_wconf 91' lang='lat' dir='ltr'>et</span> <span class='ocrx_word' id='word_1_278' title='bbox 1336 3023 1452 3088; x_wconf 89' lang='lat' dir='ltr'>saniori</span> <span class='ocrx_word' id='word_1_279' title='bbox 1574 3039 1575 3082; x_wconf 80' lang='lat' dir='ltr'>l</span> 
     </span>
    </p>
   </div>
   <div class='ocr_carea' id='block_1_10' title="bbox 212 3110 1454 3194">
    <p class='ocr_par' dir='ltr' id='par_1_15' title="bbox 212 3110 1454 3194">
     <span class='ocr_line' id='line_1_33' title="bbox 212 3110 1454 3194; baseline -0.001 -19"><span class='ocrx_word' id='word_1_280' title='bbox 212 3114 300 3193; x_wconf 90' lang='lat' dir='ltr'>parte</span> <span class='ocrx_word' id='word_1_281' title='bbox 323 3111 440 3194; x_wconf 90' lang='lat' dir='ltr'>populi,</span> <span class='ocrx_word' id='word_1_282' title='bbox 468 3115 500 3178; x_wconf 89' lang='lat' dir='ltr'>et</span> <span class='ocrx_word' id='word_1_283' title='bbox 522 3131 561 3177; x_wconf 89' lang='lat' dir='ltr'>an</span> <span class='ocrx_word' id='word_1_284' title='bbox 583 3110 642 3194; x_wconf 88' lang='lat' dir='ltr'>ipsi</span> <span class='ocrx_word' id='word_1_285' title='bbox 665 3111 702 3175; x_wconf 93' lang='lat' dir='ltr'>dc</span> <span class='ocrx_word' id='word_1_286' title='bbox 722 3111 828 3177; x_wconf 89' lang='lat' dir='ltr'>eadem</span> <span class='ocrx_word' id='word_1_287' title='bbox 852 3113 934 3177; x_wconf 85' lang='lat' dir='ltr'>lamo</span> <span class='ocrx_word' id='word_1_288' title='bbox 959 3116 1040 3180; x_wconf 88' lang='lat' dir='ltr'>recte</span> <span class='ocrx_word' id='word_1_289' title='bbox 1062 3114 1215 3189; x_wconf 86' lang='lat' dir='ltr'>sentiant;</span> <span class='ocrx_word' id='word_1_290' title='bbox 1247 3129 1303 3176; x_wconf 92' lang='lat' dir='ltr'>nec</span> <span class='ocrx_word' id='word_1_291' title='bbox 1331 3111 1374 3175; x_wconf 89' lang='lat' dir='ltr'>sit</span> <span class='ocrx_word' id='word_1_292' title='bbox 1397 3111 1454 3174; x_wconf 92' lang='lat' dir='ltr'>du·</span> 
     </span>
    </p>
   </div>
   <div class='ocr_carea' id='block_1_11' title="bbox 212 3173 1575 3282">
    <p class='ocr_par' dir='ltr' id='par_1_16' title="bbox 212 3173 1575 3282">
     <span class='ocr_line' id='line_1_34' title="bbox 212 3173 1575 3282; baseline -0.001 -20"><span class='ocrx_word' id='word_1_293' title='bbox 212 3198 297 3262; x_wconf 90' lang='lat' dir='ltr'>bium</span> <span class='ocrx_word' id='word_1_294' title='bbox 314 3198 402 3264; x_wconf 88' lang='lat' dir='ltr'>illam</span> <span class='ocrx_word' id='word_1_295' title='bbox 417 3198 512 3264; x_wconf 86' lang='lat' dir='ltr'>fnisse</span> <span class='ocrx_word' id='word_1_296' title='bbox 529 3200 714 3265; x_wconf 84' lang='lat' dir='ltr'>concitatam</span> <span class='ocrx_word' id='word_1_297' title='bbox 732 3198 859 3278; x_wconf 91' lang='lat' dir='ltr'>abillis,</span> <span class='ocrx_word' id='word_1_298' title='bbox 876 3199 1047 3282; x_wconf 89' lang='lat' dir='ltr'>inquorum</span> <span class='ocrx_word' id='word_1_299' title='bbox 1065 3199 1259 3264; x_wconf 87' lang='lat' dir='ltr'>commodum</span> <span class='ocrx_word' id='word_1_300' title='bbox 1274 3197 1454 3281; x_wconf 88' lang='lat' dir='ltr'>inquiritur.</span> <span class='ocrx_word' id='word_1_301' title='bbox 1574 3173 1575 3212; x_wconf 29' lang='lat' dir='ltr'>l</span> 
     </span>
    </p>
   </div>
   <div class='ocr_carea' id='block_1_12' title="bbox 211 3284 1456 4588">
    <p class='ocr_par' dir='ltr' id='par_1_17' title="bbox 212 3284 1456 3612">
     <span class='ocr_line' id='line_1_35' title="bbox 316 3284 1456 3368; baseline -0.003 -18"><span class='ocrx_word' id='word_1_302' title='bbox 316 3285 345 3352; x_wconf 88' lang='lat'>9.</span> <span class='ocrx_word' id='word_1_303' title='bbox 379 3285 535 3361; x_wconf 84' lang='lat' dir='ltr'>Tandem,</span> <span class='ocrx_word' id='word_1_304' title='bbox 567 3285 594 3350; x_wconf 87' lang='lat' dir='ltr'>si</span> <span class='ocrx_word' id='word_1_305' title='bbox 616 3303 691 3367; x_wconf 92' lang='lat' dir='ltr'>opus</span> <span class='ocrx_word' id='word_1_306' title='bbox 713 3285 822 3363; x_wconf 86' lang='lat' dir='ltr'>luerit,</span> <span class='ocrx_word' id='word_1_307' title='bbox 846 3285 1068 3368; x_wconf 88' lang='lat' dir='ltr'>praetereunda</span> <span class='ocrx_word' id='word_1_308' title='bbox 1090 3306 1150 3352; x_wconf 92' lang='lat' dir='ltr'>uon</span> <span class='ocrx_word' id='word_1_309' title='bbox 1172 3287 1231 3352; x_wconf 90' lang='lat' dir='ltr'>erit</span> <span class='ocrx_word' id='word_1_310' title='bbox 1253 3284 1456 3368; x_wconf 83' lang='lat' dir='ltr'>investigatio</span> 
     </span>
     <span class='ocr_line' id='line_1_36' title="bbox 213 3371 1455 3456; baseline 0 -21"><span class='ocrx_word' id='word_1_311' title='bbox 213 3391 265 3454; x_wconf 92' lang='lat' dir='ltr'>per</span> <span class='ocrx_word' id='word_1_312' title='bbox 280 3373 419 3454; x_wconf 88' lang='lat' dir='ltr'>publicas</span> <span class='ocrx_word' id='word_1_313' title='bbox 442 3371 663 3456; x_wconf 86' lang='lat' dir='ltr'>ephemerides,</span> <span class='ocrx_word' id='word_1_314' title='bbox 687 3371 770 3436; x_wconf 88' lang='lat' dir='ltr'>datis</span> <span class='ocrx_word' id='word_1_315' title='bbox 786 3371 937 3438; x_wconf 89' lang='lat' dir='ltr'>Directori</span> <span class='ocrx_word' id='word_1_316' title='bbox 953 3374 1094 3440; x_wconf 89' lang='lat' dir='ltr'>omnibns</span> <span class='ocrx_word' id='word_1_317' title='bbox 1113 3372 1292 3440; x_wconf 87' lang='lat' dir='ltr'>necessariis</span> <span class='ocrx_word' id='word_1_318' title='bbox 1308 3390 1455 3455; x_wconf 87' lang='lat' dir='ltr'>personae</span> 
     </span>
     <span class='ocr_line' id='line_1_37' title="bbox 212 3457 1454 3544; baseline 0.002 -23"><span class='ocrx_word' id='word_1_319' title='bbox 212 3457 346 3536; x_wconf 92' lang='lat' dir='ltr'>iudiciis,</span> <span class='ocrx_word' id='word_1_320' title='bbox 367 3458 425 3524; x_wconf 91' lang='lat' dir='ltr'>uisi</span> <span class='ocrx_word' id='word_1_321' title='bbox 448 3459 486 3524; x_wconf 94' lang='lat' dir='ltr'>ob</span> <span class='ocrx_word' id='word_1_322' title='bbox 506 3458 654 3543; x_wconf 86' lang='lat' dir='ltr'>speciales</span> <span class='ocrx_word' id='word_1_323' title='bbox 677 3459 927 3524; x_wconf 87' lang='lat' dir='ltr'>circumstantias</span> <span class='ocrx_word' id='word_1_324' title='bbox 950 3461 1083 3538; x_wconf 90' lang='lat' dir='ltr'>saniori,</span> <span class='ocrx_word' id='word_1_325' title='bbox 1107 3481 1143 3526; x_wconf 90' lang='lat' dir='ltr'>ac</span> <span class='ocrx_word' id='word_1_326' title='bbox 1166 3459 1359 3544; x_wconf 89' lang='lat' dir='ltr'>prudentiori</span> <span class='ocrx_word' id='word_1_327' title='bbox 1381 3477 1454 3524; x_wconf 92' lang='lat' dir='ltr'>con·</span> 
     </span>
     <span class='ocr_line' id='line_1_38' title="bbox 213 3545 592 3612; baseline 0 -2"><span class='ocrx_word' id='word_1_328' title='bbox 213 3545 283 3611; x_wconf 91' lang='lat' dir='ltr'>silio</span> <span class='ocrx_word' id='word_1_329' title='bbox 307 3545 399 3611; x_wconf 89' lang='lat' dir='ltr'>aliter</span> <span class='ocrx_word' id='word_1_330' title='bbox 420 3548 592 3612; x_wconf 88' lang='lat' dir='ltr'>censeatur.</span> 
     </span>
    </p>

    <p class='ocr_par' dir='ltr' id='par_1_18' title="bbox 211 3632 1455 4150">
     <span class='ocr_line' id='line_1_39' title="bbox 318 3632 1455 3717; baseline 0 -21"><span class='ocrx_word' id='word_1_331' title='bbox 318 3633 367 3697; x_wconf 88' lang='lat'>10.</span> <span class='ocrx_word' id='word_1_332' title='bbox 392 3633 476 3698; x_wconf 86' lang='lat' dir='ltr'>Haec</span> <span class='ocrx_word' id='word_1_333' title='bbox 498 3633 601 3698; x_wconf 88' lang='lat' dir='ltr'>omnia</span> <span class='ocrx_word' id='word_1_334' title='bbox 624 3651 678 3717; x_wconf 92' lang='lat' dir='ltr'>pro</span> <span class='ocrx_word' id='word_1_335' title='bbox 701 3633 932 3714; x_wconf 87' lang='lat' dir='ltr'>opportunitate</span> <span class='ocrx_word' id='word_1_336' title='bbox 955 3651 1081 3698; x_wconf 87' lang='lat' dir='ltr'>casuum</span> <span class='ocrx_word' id='word_1_337' title='bbox 1105 3632 1200 3700; x_wconf 87' lang='lat' dir='ltr'>Sacra</span> <span class='ocrx_word' id='word_1_338' title='bbox 1221 3634 1296 3699; x_wconf 88' lang='lat' dir='ltr'>haec</span> <span class='ocrx_word' id='word_1_339' title='bbox 1318 3633 1455 3714; x_wconf 85' lang='lat' dir='ltr'>Congre-</span> 
     </span>
     <span class='ocr_line' id='line_1_40' title="bbox 212 3718 1454 3804; baseline -0.001 -20"><span class='ocrx_word' id='word_1_340' title='bbox 212 3719 298 3802; x_wconf 86' lang='lat' dir='ltr'>gatio</span> <span class='ocrx_word' id='word_1_341' title='bbox 321 3719 486 3803; x_wconf 89' lang='lat' dir='ltr'>diligenter</span> <span class='ocrx_word' id='word_1_342' title='bbox 506 3719 673 3804; x_wconf 87' lang='lat' dir='ltr'>expendere</span> <span class='ocrx_word' id='word_1_343' title='bbox 693 3719 789 3793; x_wconf 75' lang='lat' dir='ltr'>solet:</span> <span class='ocrx_word' id='word_1_344' title='bbox 825 3737 955 3802; x_wconf 89' lang='lat' dir='ltr'>cumque</span> <span class='ocrx_word' id='word_1_345' title='bbox 986 3718 1023 3785; x_wconf 93' lang='lat' dir='ltr'>de</span> <span class='ocrx_word' id='word_1_346' title='bbox 1054 3739 1086 3784; x_wconf 90' lang='lat' dir='ltr'>re</span> <span class='ocrx_word' id='word_1_347' title='bbox 1116 3721 1299 3804; x_wconf 85' lang='lat' dir='ltr'>gravissima</span> <span class='ocrx_word' id='word_1_348' title='bbox 1330 3722 1454 3802; x_wconf 84' lang='lat' dir='ltr'>agatur,</span> 
     </span>
     <span class='ocr_line' id='line_1_41' title="bbox 211 3805 1455 3891; baseline 0.002 -21"><span class='ocrx_word' id='word_1_349' title='bbox 211 3805 332 3872; x_wconf 90' lang='lat' dir='ltr'>cunctis</span> <span class='ocrx_word' id='word_1_350' title='bbox 356 3824 454 3889; x_wconf 89' lang='lat' dir='ltr'>aequa</span> <span class='ocrx_word' id='word_1_351' title='bbox 477 3806 564 3871; x_wconf 87' lang='lat' dir='ltr'>lance</span> <span class='ocrx_word' id='word_1_352' title='bbox 588 3806 728 3882; x_wconf 81' lang='lat' dir='ltr'>libratio,</span> <span class='ocrx_word' id='word_1_353' title='bbox 761 3807 852 3890; x_wconf 90' lang='lat' dir='ltr'>atque</span> <span class='ocrx_word' id='word_1_354' title='bbox 884 3805 1007 3889; x_wconf 90' lang='lat' dir='ltr'>insuper</span> <span class='ocrx_word' id='word_1_355' title='bbox 1040 3807 1155 3872; x_wconf 87' lang='lat' dir='ltr'>auditis</span> <span class='ocrx_word' id='word_1_356' title='bbox 1186 3809 1321 3891; x_wconf 90' lang='lat' dir='ltr'>plurium</span> <span class='ocrx_word' id='word_1_357' title='bbox 1353 3806 1455 3872; x_wconf 86' lang='lat' dir='ltr'>Theo·</span> 
     </span>
     <span class='ocr_line' id='line_1_42' title="bbox 212 3891 1455 3977; baseline 0 -20"><span class='ocrx_word' id='word_1_358' title='bbox 212 3893 362 3976; x_wconf 85' lang='lat' dir='ltr'>iugorum,</span> <span class='ocrx_word' id='word_1_359' title='bbox 386 3897 418 3957; x_wconf 90' lang='lat' dir='ltr'>et</span> <span class='ocrx_word' id='word_1_360' title='bbox 440 3893 516 3957; x_wconf 85' lang='lat' dir='ltr'>iuris</span> <span class='ocrx_word' id='word_1_361' title='bbox 540 3892 724 3974; x_wconf 90' lang='lat' dir='ltr'>prudentum</span> <span class='ocrx_word' id='word_1_362' title='bbox 748 3891 922 3977; x_wconf 63' lang='lat' dir='ltr'>suffragiis»,</span> <span class='ocrx_word' id='word_1_363' title='bbox 947 3891 1078 3977; x_wconf 88' lang='lat' dir='ltr'>deniqne</span> <span class='ocrx_word' id='word_1_364' title='bbox 1100 3914 1190 3960; x_wconf 87' lang='lat' dir='ltr'>sunm</span> <span class='ocrx_word' id='word_1_365' title='bbox 1210 3895 1361 3960; x_wconf 89' lang='lat' dir='ltr'>iudicium</span> <span class='ocrx_word' id='word_1_366' title='bbox 1385 3913 1455 3977; x_wconf 94' lang='lat' dir='ltr'>pro·</span> 
     </span>
     <span class='ocr_line' id='line_1_43' title="bbox 212 3979 1455 4066; baseline 0.002 -23"><span class='ocrx_word' id='word_1_367' title='bbox 212 3980 349 4056; x_wconf 88' lang='lat' dir='ltr'>nunciat,</span> <span class='ocrx_word' id='word_1_368' title='bbox 371 3999 410 4044; x_wconf 90' lang='lat' dir='ltr'>au</span> <span class='ocrx_word' id='word_1_369' title='bbox 433 3979 470 4047; x_wconf 88' lang='lat' dir='ltr'>de</span> <span class='ocrx_word' id='word_1_370' title='bbox 492 3980 550 4045; x_wconf 87' lang='lat' dir='ltr'>tali</span> <span class='ocrx_word' id='word_1_371' title='bbox 573 3979 661 4045; x_wconf 89' lang='lat' dir='ltr'>obitu</span> <span class='ocrx_word' id='word_1_372' title='bbox 682 3979 759 4044; x_wconf 87' lang='lat' dir='ltr'>satis</span> <span class='ocrx_word' id='word_1_373' title='bbox 782 3980 910 4055; x_wconf 89' lang='lat' dir='ltr'>constet,</span> <span class='ocrx_word' id='word_1_374' title='bbox 934 3983 966 4046; x_wconf 93' lang='lat' dir='ltr'>et</span> <span class='ocrx_word' id='word_1_375' title='bbox 988 3980 1069 4046; x_wconf 92' lang='lat' dir='ltr'>nibil</span> <span class='ocrx_word' id='word_1_376' title='bbox 1090 3982 1193 4047; x_wconf 90' lang='lat' dir='ltr'>obstet</span> <span class='ocrx_word' id='word_1_377' title='bbox 1215 3982 1378 4066; x_wconf 90' lang='lat' dir='ltr'>quominus</span> <span class='ocrx_word' id='word_1_378' title='bbox 1403 3999 1455 4063; x_wconf 89' lang='lat' dir='ltr'>pe-</span> 
     </span>
     <span class='ocr_line' id='line_1_44' title="bbox 211 4065 1053 4150; baseline 0.002 -19"><span class='ocrx_word' id='word_1_379' title='bbox 211 4067 289 4132; x_wconf 90' lang='lat' dir='ltr'>tenti</span> <span class='ocrx_word' id='word_1_380' title='bbox 317 4067 468 4134; x_wconf 85' lang='lat' dir='ltr'>transitus</span> <span class='ocrx_word' id='word_1_381' title='bbox 491 4067 529 4132; x_wconf 91' lang='lat' dir='ltr'>ad</span> <span class='ocrx_word' id='word_1_382' title='bbox 554 4066 632 4131; x_wconf 90' lang='lat' dir='ltr'>alias</span> <span class='ocrx_word' id='word_1_383' title='bbox 654 4066 779 4149; x_wconf 88' lang='lat' dir='ltr'>nuptias</span> <span class='ocrx_word' id='word_1_384' title='bbox 802 4065 925 4131; x_wconf 90' lang='lat' dir='ltr'>concedi</span> <span class='ocrx_word' id='word_1_385' title='bbox 949 4067 1053 4150; x_wconf 85' lang='lat' dir='ltr'>possit.</span> 
     </span>
    </p>

    <p class='ocr_par' dir='ltr' id='par_1_19' title="bbox 212 4152 1456 4588">
     <span class='ocr_line' id='line_1_45' title="bbox 318 4152 1455 4221; baseline 0.001 -4"><span class='ocrx_word' id='word_1_386' title='bbox 318 4154 366 4220; x_wconf 90' lang='lat' dir='ltr'>il.</span> <span class='ocrx_word' id='word_1_387' title='bbox 406 4154 447 4218; x_wconf 74' lang='lat' dir='ltr'>llr</span> <span class='ocrx_word' id='word_1_388' title='bbox 476 4153 524 4218; x_wconf 91' lang='lat' dir='ltr'>bis</span> <span class='ocrx_word' id='word_1_389' title='bbox 554 4153 694 4219; x_wconf 86' lang='lat' dir='ltr'>omnibns</span> <span class='ocrx_word' id='word_1_390' title='bbox 723 4152 931 4219; x_wconf 75' lang='lat' dir='ltr'>Ecclesiastici</span> <span class='ocrx_word' id='word_1_391' title='bbox 961 4153 1122 4220; x_wconf 87' lang='lat' dir='ltr'>Praesides</span> <span class='ocrx_word' id='word_1_392' title='bbox 1154 4157 1268 4221; x_wconf 89' lang='lat' dir='ltr'>certam</span> <span class='ocrx_word' id='word_1_393' title='bbox 1293 4156 1455 4220; x_wconf 89' lang='lat' dir='ltr'>desumere</span> 
     </span>
     <span class='ocr_line' id='line_1_46' title="bbox 212 4239 1454 4325; baseline 0.004 -26"><span class='ocrx_word' id='word_1_394' title='bbox 212 4240 340 4319; x_wconf 89' lang='lat' dir='ltr'>possunt</span> <span class='ocrx_word' id='word_1_395' title='bbox 362 4258 498 4304; x_wconf 88' lang='lat' dir='ltr'>nonnam</span> <span class='ocrx_word' id='word_1_396' title='bbox 522 4258 613 4322; x_wconf 85' lang='lat' dir='ltr'>quarn</span> <span class='ocrx_word' id='word_1_397' title='bbox 637 4239 668 4303; x_wconf 92' lang='lat' dir='ltr'>in</span> <span class='ocrx_word' id='word_1_398' title='bbox 693 4239 866 4306; x_wconf 87' lang='lat' dir='ltr'>huiusmodi</span> <span class='ocrx_word' id='word_1_399' title='bbox 890 4239 1015 4305; x_wconf 90' lang='lat' dir='ltr'>iudiciis</span> <span class='ocrx_word' id='word_1_400' title='bbox 1038 4245 1214 4324; x_wconf 89' lang='lat' dir='ltr'>sequantur.</span> <span class='ocrx_word' id='word_1_401' title='bbox 1246 4243 1332 4325; x_wconf 87' lang='lat' dir='ltr'>Quod</span> <span class='ocrx_word' id='word_1_402' title='bbox 1350 4245 1376 4306; x_wconf 93' lang='lat' dir='ltr'>si</span> <span class='ocrx_word' id='word_1_403' title='bbox 1393 4260 1454 4306; x_wconf 91' lang='lat' dir='ltr'>non</span> 
     </span>
     <span class='ocr_line' id='line_1_47' title="bbox 213 4323 1456 4411; baseline 0.006 -27"><span class='ocrx_word' id='word_1_404' title='bbox 213 4323 407 4389; x_wconf 86' lang='lat' dir='ltr'>obstantibus</span> <span class='ocrx_word' id='word_1_405' title='bbox 429 4327 545 4408; x_wconf 83' lang='lat' dir='ltr'>regulis</span> <span class='ocrx_word' id='word_1_406' title='bbox 569 4329 724 4410; x_wconf 88' lang='lat' dir='ltr'>bucusque</span> <span class='ocrx_word' id='word_1_407' title='bbox 747 4326 863 4391; x_wconf 89' lang='lat' dir='ltr'>notatis</span> <span class='ocrx_word' id='word_1_408' title='bbox 889 4346 936 4390; x_wconf 90' lang='lat' dir='ltr'>res</span> <span class='ocrx_word' id='word_1_409' title='bbox 959 4327 1059 4394; x_wconf 89' lang='lat' dir='ltr'>adhuc</span> <span class='ocrx_word' id='word_1_410' title='bbox 1091 4329 1226 4408; x_wconf 88' lang='lat' dir='ltr'>incerta,</span> <span class='ocrx_word' id='word_1_411' title='bbox 1258 4332 1289 4395; x_wconf 91' lang='lat' dir='ltr'>et</span> <span class='ocrx_word' id='word_1_412' title='bbox 1319 4327 1456 4411; x_wconf 85' lang='lat' dir='ltr'>implexa</span> 
     </span>
     <span class='ocr_line' id='line_1_48' title="bbox 212 4405 1455 4496; baseline 0.009 -27"><span class='ocrx_word' id='word_1_413' title='bbox 212 4405 275 4470; x_wconf 91' lang='lat' dir='ltr'>illis</span> <span class='ocrx_word' id='word_1_414' title='bbox 300 4408 447 4485; x_wconf 87' lang='lat' dir='ltr'>rideatur,</span> <span class='ocrx_word' id='word_1_415' title='bbox 473 4412 511 4476; x_wconf 93' lang='lat' dir='ltr'>ad</span> <span class='ocrx_word' id='word_1_416' title='bbox 534 4411 678 4478; x_wconf 86' lang='lat' dir='ltr'>Sanctam</span> <span class='ocrx_word' id='word_1_417' title='bbox 702 4412 811 4477; x_wconf 77' lang='lat' dir='ltr'>Senem</span> <span class='ocrx_word' id='word_1_418' title='bbox 835 4432 987 4479; x_wconf 88' lang='lat' dir='ltr'>recurrere</span> <span class='ocrx_word' id='word_1_419' title='bbox 1010 4416 1183 4496; x_wconf 86' lang='lat' dir='ltr'>debebunt,</span> <span class='ocrx_word' id='word_1_420' title='bbox 1208 4416 1285 4480; x_wconf 89' lang='lat' dir='ltr'>actis</span> <span class='ocrx_word' id='word_1_421' title='bbox 1309 4416 1455 4481; x_wconf 86' lang='lat' dir='ltr'>omnibus</span> 
     </span>
     <span class='ocr_line' id='line_1_49' title="bbox 218 4493 1323 4588; baseline 0.011 -34"><span class='ocrx_word' id='word_1_422' title='bbox 218 4509 287 4556; x_wconf 91' lang='lat' dir='ltr'>cnm</span> <span class='ocrx_word' id='word_1_423' title='bbox 311 4493 376 4576; x_wconf 85' lang='lat' dir='ltr'>ipso</span> <span class='ocrx_word' id='word_1_424' title='bbox 400 4515 523 4562; x_wconf 90' lang='lat' dir='ltr'>recursu</span> <span class='ocrx_word' id='word_1_425' title='bbox 545 4499 745 4577; x_wconf 86' lang='lat' dir='ltr'>transmissis,</span> <span class='ocrx_word' id='word_1_426' title='bbox 769 4500 824 4564; x_wconf 90' lang='lat' dir='ltr'>ant</span> <span class='ocrx_word' id='word_1_427' title='bbox 845 4499 956 4564; x_wconf 90' lang='lat' dir='ltr'>saltem</span> <span class='ocrx_word' id='word_1_428' title='bbox 980 4501 1145 4588; x_wconf 88' lang='lat' dir='ltr'>diligenter</span> <span class='ocrx_word' id='word_1_429' title='bbox 1161 4503 1323 4587; x_wconf 83' lang='lat' dir='ltr'>expositis.</span> 
     </span>
    </p>
   </div>
   <div class='ocr_carea' id='block_1_13' title="bbox 0 0 1594 4778">
    <p class='ocr_par' dir='ltr' id='par_1_20' title="bbox 0 0 1594 4778">
     <span class='ocr_line' id='line_1_50' title="bbox 0 0 1594 4778; baseline 0 0"><span class='ocrx_word' id='word_1_430' title='bbox 0 0 1594 4778; x_wconf 95' lang='lat' dir='ltr'> </span> 
     </span>
    </p>
   </div>
  </div>
 </body>
</html>
