3180 4778
153 229 263 300 Conpr.
279 227 396 300 laquie.
415 227 455 283 13.
470 227 550 284 Muli
565 227 653 284 1868:
673 227 765 284 lnstr.
785 229 826 283 nd
844 227 931 298 prob.
951 229 1022 284 obit.
1044 227 1115 283 alie.
1134 229 1283 297 centupla.
1323 207 1386 274 339

145 423 275 484 prenae
295 402 389 468 taius
413 400 669 485 &manationis
691 399 723 466 S.
748 400 873 484 offitii*
898 400 952 466 Aa
967 399 1166 481 metandum
1188 399 1303 465 abdam
1323 397 1385 464 oti·

150 507 240 572 caiae
261 505 403 588 ooniapis
415 506 469 588 ¹).‹

251 609 306 676 Ad
328 614 395 675 3om
424 609 595 692 ’Nepotiane
621 607 665 674 ud
683 609 823 690 primam
839 614 980 690 praetera2
1004 608 1195 691 affirmative
1216 608 1260 674 od
1278 627 1386 674 moun·

148 714 242 792 dom5
272 715 338 780 nisi
357 713 437 794 sorte
459 713 576 796 aliems
598 712 1006 779 calceamentorum
1028 712 1267 795 appellationem
1289 712 1387 778 irua-

142 818 352 902 roseos«

252 921 401 1006 Sequenti
427 940 498 987 vero
525 919 603 986 feria
627 919 680 985 Vl.
704 919 753 984 dio
778 920 807 985 8.
830 919 907 985 dicti
938 919 1052 986 SSmus
1081 919 1117 985 D.
1148 918 1206 984 No.
1237 917 1297 985 heo
1323 916 1385 986 div.

148 1044 232 1110 prov.
257 1025 309 1109 Pp.
335 1024 423 1092 XIII.
447 1025 477 1089 in
501 1023 660 1089 audientia
681 1043 705 1088 r.
727 1044 755 1106 p.
780 1023 809 1090 d.
835 1023 994 1090 Adsessori
1022 1022 1052 1090 S.
1076 1023 1112 1089 0.
1137 1022 1312 1106 impertita,
1338 1041 1386 1088 re·

147 1130 243 1196 lutam
280 1129 338 1196 sibi
380 1129 700 1195 Eminentissimorum
741 1129 868 1194 Patrurn
914 1127 1124 1195 cardinalium
1168 1125 1385 1194 resolutionem

147 1233 279 1320 henigne
301 1233 470 1319 adprobare
493 1233 640 1316 dignatus
663 1235 710 1300 est

512 1336 704 1420 subscriptus
727 1336 752 1401 Ι.
775 1337 928 1404 Mancini
948 1336 979 1402 S.
1004 1337 1039 1402 R.
1063 1339 1095 1404 et
1115 1337 1150 1403 U.
1175 1337 1200 1403 1.
1226 1337 1299 1404 Not.

147 1517 180 1578 2.
197 1510 1385 1594 SupremeesaeroeconfflepetionisInquisitioaislnstractiodd.13,Moii

366 1618 452 1681 1868
467 1615 511 1680 ed
524 1615 722 1696 metendam
735 1615 853 1680 obitam
868 1615 1003 1680 alicuius
1019 1616 1168 1698 coniupis.

253 1753 443 1820 Matrimonii
465 1753 588 1819 vinculo
611 1753 686 1820 dnos
709 1754 922 1820 tantummodo
948 1753 1089 1820 »cliriuto
1108 1755 1154 1820 ita
1171 1754 1309 1833 docento,
1333 1772 1386 1820 eo·

147 1858 266 1942 palari,
296 1860 327 1924 et
351 1859 494 1942 coniungi
517 1877 620 1942 posse,
651 1859 801 1924 alterutro
833 1877 902 1924 vero
933 1877 1001 1925 vero
1029 1859 1159 1943 coniuge
1183 1859 1247 1924 vita
1271 1859 1384 1934 functo.

146 1963 306 2042 secundas,
330 1962 392 2029 imo
414 1965 445 2029 et
470 1962 630 2028 ulteriores
653 1963 775 2046 nuptias
798 1962 901 2030 licitas
925 1982 1007 2042 esse,
1032 1963 1209 2048 dogmatica
1232 1962 1385 2029 Ecclesiae

146 2065 328 2132 Catholicae
352 2066 492 2132 doctrina
514 2069 591 2133 est«

252 2171 365 2236 Verum
390 2171 428 2236 ad
450 2172 609 2249 secundas,
633 2173 664 2236 et
686 2171 848 2237 ulteriores
871 2171 997 2256 nuptias
1014 2170 1094 2256 qnod
1112 2171 1235 2252 attinet,
1259 2189 1328 2236 oum
1344 2170 1382 2236 de

145 2293 178 2339 re
201 2276 331 2360 agatur,
353 2293 430 2359 quae
454 2275 709 2354 difficultatibus,
737 2295 773 2341 ac
796 2274 955 2340 trandihus
978 2275 1061 2340 hand
1086 2295 1153 2340 raro
1176 2277 1222 2340 est
1245 2275 1383 2354 obnoxia,

145 2378 218 2443 hinc
238 2377 352 2445 Sancta
371 2377 465 2445 Sedes
489 2379 594 2446 sedulo
617 2379 736 2445 ourarh
759 2380 849 2445 modo
873 2379 1150 2446 constitutionibus
1178 2379 1383 2464 generalibus,

144 2484 269 2568 saepius
292 2486 395 2550 antem
417 2485 568 2568 responsis
591 2484 623 2550 in
646 2485 767 2551 casibus
792 2485 1029 2568 particularibus
1057 2484 1155 2560 datis,
1189 2486 1224 2549 ut
1255 2484 1385 2550 libertas

144 2607 239 2654 novas
259 2588 384 2671 nuptias
405 2588 529 2654 ineundi
553 2589 599 2654 ita
621 2590 730 2674 cuique
752 2589 837 2654 salva
857 2590 946 2667 esset,
971 2591 1006 2653 ut
1021 2589 1179 2672 praedicta
1196 2587 1381 2655 matrimonii

144 2694 249 2758 unitas
269 2693 300 2758 iu
320 2692 484 2760 discrimen
507 2712 567 2759 non
590 2693 802 2761 adduceretur.

250 2795 326 2862 Inde
349 2798 518 2863 constituta
541 2795 704 2864 Sacrorum
724 2796 891 2877 Cononem,
913 2795 1032 2882 quibus,
1053 2797 1089 2862 ut
1103 2795 1173 2880 quis
1189 2797 1285 2880 persii
1299 2796 1385 2863 licite

144 2901 185 2966 ad
208 2901 270 2966 alla
294 2904 364 2967 rota
385 2903 529 2981 transire,
553 2901 685 2986 exigitur
706 2901 785 2986 quod
810 2902 847 2967 de
871 2905 968 2968 morte
989 2901 1129 2985 coniugis
1151 2903 1235 2968 certo
1255 2901 1386 2980 constet,

146 3005 193 3070 uti
214 3023 279 3089 cap.
307 3003 463 3074 Dominus
485 3007 523 3072 dc
545 3007 689 3074 scandis
711 3007 841 3089 ineptiis,
865 3006 912 3070 rcl
934 3005 1014 3090 quod
1038 3006 1076 3070 de
1097 3006 1164 3090 ipsa
1187 3008 1283 3071 morte
1307 3005 1384 3072 reci·

146 3110 249 3192 piatur
271 3116 387 3176 omum
408 3113 556 3178 numum
577 3111 623 3176 uti
642 3129 706 3194 cap.
738 3110 780 3176 In
803 3111 1009 3192 praesentia:
1040 3111 1092 3178 De
1120 3111 1334 3193 mannitus,
1358 3115 1388 3175 et

143 3215 366 3281 matrimoniis.
391 3214 467 3279 Inde
483 3215 577 3280 etiam
593 3233 629 3280 ea
644 3233 722 3298 qnae
739 3215 931 3297 explanatius
948 3213 1114 3280 traduntur
1129 3215 1161 3280 in
1180 3215 1385 3280 lnstnrctione

146 3317 226 3386 eum
248 3318 341 3384 atine.
365 3318 416 3382 21.
442 3319 577 3403 depasti
599 3318 682 3384 1670
702 3339 720 3384 a
741 3317 900 3384 Clemente
923 3317 960 3382 X.
984 3319 1120 3398 sancita,
1143 3322 1175 3384 at
1198 3320 1228 3384 in
1251 3319 1387 3384 Bullario

145 3422 282 3488 Romano
305 3422 422 3488 inserta
444 3441 535 3506 super
557 3423 694 3488 examine
718 3423 846 3489 testium
869 3441 924 3506 pro
947 3423 1153 3489 matrimoniis
1170 3423 1387 3490 contrahendis

144 3527 176 3591 iu
199 3526 291 3592 (iuria
321 3525 390 3592 Emi
411 3524 528 3591 vicarii
558 3527 665 3604 Urbis,
700 3529 732 3593 et
761 3529 931 3592 ceterorum
961 3525 1204 3593 ordinariorum.
1251 3527 1386 3593 Maxime

144 3649 216 3696 vero
238 3649 315 3716 quae
339 3631 478 3716 proprlus
500 3631 538 3696 ad
562 3650 625 3698 rem
650 3631 796 3698 facientia
817 3630 861 3695 ibi
886 3630 1038 3697 habentur
1060 3651 1110 3697 un.
1138 3633 1178 3696 12
1198 3635 1230 3697 st
1254 3632 1305 3698 13.

251 3735 292 3801 nt
311 3735 387 3801 haec
409 3734 534 3819 quidem
557 3736 678 3803 abunde
708 3736 886 3801 sulficerent
910 3735 936 3800 si
960 3735 990 3801 in
1014 3735 1164 3803 eiusmodi
1188 3736 1289 3802 masis
1311 3755 1382 3820 per·

143 3838 289 3924 agundis,
313 3839 505 3919 omnimoda,
526 3841 557 3905 et
581 3841 723 3907 absoluta
749 3841 902 3906 certitudo
921 3839 959 3907 de
979 3841 1107 3907 alterius
1130 3840 1276 3925 Coniugis
1298 3840 1385 3907 obitu

250 4049 275 4118 1)
293 4050 358 4120 Vgl.
376 4049 448 4105 Note
466 4049 479 4104 1
499 4067 524 4118 p.
543 4049 604 4106 331.

248 4145 596 4215 monumentorum
620 4145 723 4201 crlrlirt
747 4145 802 4201 sich
826 4145 938 4212 darana,
967 4145 1028 4202 meu
1054 4163 1081 4202 es
1106 4147 1164 4202 sloh
1182 4146 1225 4202 bel
1243 4145 1291 4202 der
1309 4145 1385 4203 Fest—

143 4231 266 4302 stellnng
284 4231 331 4288 des
349 4231 435 4287 'ludes
453 4231 499 4288 deu
523 4232 600 4288 einen
619 4231 771 4302 Ehegatten
791 4233 868 4289 nieht
887 4250 931 4288 nm
950 4233 1133 4304 Annnllirnug
1152 4235 1227 4290 einer
1244 4233 1302 4292 uus
1319 4234 1386 4290 han·

143 4319 219 4383 deit,
247 4319 328 4374 somit
351 4319 419 4375 anch
443 4319 490 4374 der
508 4319 735 4374 benedictinische
753 4319 993 4389 Nullitdtsprooees
1014 4320 1088 4375 nicht
1107 4319 1282 4392 nothnendig
1301 4337 1385 4391 ange·

143 4405 249 4460 vendet
267 4405 371 4460 werden
390 4421 472 4472 mnus,
487 4405 517 4474 ja
534 4405 684 4476 uberhaupt
702 4407 745 4461 ein
764 4405 955 4476 geriohtIIohes
974 4405 1134 4472 Veriuhren,
1153 4406 1201 4463 rrie
1220 4409 1262 4464 ein
1281 4406 1386 4463 solches

142 4493 171 4547 in
189 4491 249 4547 dcrn
268 4492 456 4562 vorliegendcn
474 4491 551 4548 Ilnlle
568 4491 730 4548 heobachtet
747 4493 844 4560 nunde,
864 4493 1031 4564 nenngloiclr
1051 4495 1079 4548 ln
1097 4495 1275 4565 sehnierigen
1292 4494 1386 4549 hellen

141 4577 275 4646 nthsam,
291 4595 321 4635 uo
340 4577 407 4634 doeh
425 4578 501 4636 nicht
519 4577 636 4650 gradem
653 4578 880 4650 vorgesohrieben
900 4579 945 4636 ist.

1213 4666 1282 4732 22*
