3208 4768
757 753 835 834 lllll.

219 909 271 976 SS.
298 909 452 976 DOldllll
476 909 630 977 NOSTRI
652 909 777 976 leodis
803 911 883 977 lllV.
911 910 1077 979 PROVll).
1104 904 1239 975 PAPAE
1265 910 1354 978 lllll.

401 1049 541 1134 Epistola
563 1050 601 1116 de
617 1069 723 1132 provo
744 1049 919 1117 duelloeaem
941 1050 1170 1118 coaeududine.

169 1189 290 1256 Dilecto
318 1189 396 1256 Filio
419 1189 534 1255 Nostro
556 1189 731 1256 Roucisco
755 1190 792 1254 de
814 1189 911 1255 Paula
933 1189 963 1257 S.
989 1191 1025 1256 a.
1050 1190 1084 1256 a.
1108 1187 1265 1256 Cardinali
1288 1190 1406 1257 Saldu-

166 1295 258 1373 born,
289 1294 529 1378 Archiepisoopo
555 1293 719 1378 Prageusi,
755 1293 930 1360 Venerabili
961 1294 1064 1358 Fratri
1095 1293 1261 1378 Phiiippo,
1293 1295 1404 1360 Archi-

165 1399 304 1482 epiecopo
325 1397 510 1474 Οοῑοπίεηεὶ,
533 1399 703 1481 ceterisque
720 1398 953 1464 venerabilibus
969 1397 1129 1464 Fratribus
1149 1399 1406 1482 archepiscopus

165 1505 199 1566 et
224 1501 391 1586 Epiaccpis
422 1503 552 1587 aliisque
579 1501 714 1568 locorum
743 1501 905 1569 ordinariis
938 1502 969 1566 in
997 1503 1125 1586 imperio
1152 1501 1341 1570 Germanico
1374 1505 1406 1567 et

615 1605 949 1690 Austro-Hanpcrico.

653 1751 731 1834 1.Εο
758 1752 819 1834 ΡΡ.
846 1753 924 1835 lllli.

404 1918 521 1985 Dilecte
545 1917 605 1985 sili
627 1917 758 1986 Noster!
805 1917 1002 1986 venerabiles
1026 1919 1170 1987 Ilratrest

421 2020 560 2089 Salutem
585 2025 617 2089 et
641 2023 851 2107 spesiosam
877 2023 1145 2090 Benedictionem!

269 2161 437 2229 Pastoralis
452 2161 545 2230 officii
561 2163 748 2228 conscientia
761 2163 793 2229 st
805 2166 1008 2246 proximorum
1022 2163 1154 2228 caritate
1166 2164 1307 2246 permoti,
1322 2162 1404 2231 datis

163 2285 182 2331 a
205 2266 267 2332 Nos
290 2267 445 2351 superiore
467 2285 547 2332 anno
569 2267 702 2346 litteris,
733 2266 923 2332 referendum
947 2267 1112 2332 censuistis
1139 2267 1176 2332 de
1197 2267 1402 2351 singularium

162 2371 378 2447 certaminum,
399 2389 478 2456 quae
499 2371 605 2438 ducac
628 2373 748 2451 uocant,
769 2371 800 2436 in
820 2371 932 2456 populo
957 2371 1056 2436 vestm
1078 2371 1261 2455 frequentia.
1297 2369 1402 2438 Genus

163 2475 246 2541 istud
276 2474 462 2555 dimicandi,
494 2475 580 2542 uelut
610 2475 659 2542 ius
686 2475 821 2541 moribus
849 2474 1071 2555 constitutum,
1108 2495 1167 2542 non
1200 2476 1267 2541 sine
1301 2475 1404 2542 dolore

161 2577 387 2664 significabatis
409 2581 504 2645 etiam
526 2580 608 2644 inter
630 2579 798 2646 catholicos
814 2578 949 2656 vereari;
973 2579 1132 2664 rogabatis
1147 2579 1275 2664 pariter,
1299 2583 1333 2647 ut
1348 2580 1401 2647 de·

161 2685 275 2750 terrere
298 2683 436 2750 homines
457 2684 496 2749 ab
516 2683 690 2750 istiusmodi
711 2702 811 2750 errore
833 2702 889 2750 uox
903 2703 1024 2768 quoque
1038 2683 1154 2750 Nostra
1169 2688 1340 2752 conaretur.
1359 2723 1399 2734 -

164 2787 217 2853 list
239 2787 374 2872 proiecto
397 2807 481 2854 error
502 2789 561 2854 iste
584 2788 749 2854 admodum
770 2787 976 2872 perniciosus,
1007 2807 1061 2853 uec
1092 2807 1165 2853 eane
1197 2787 1309 2854 finibus
1342 2791 1401 2855 cir-

160 2891 378 2958 cumscribitur
402 2892 565 2959 ciuitatum
591 2894 784 2971 nestrorum,
808 2892 861 2958 sed
885 2893 1019 2958 excurrit
1040 2893 1141 2958 multo
1163 2893 1274 2972 latins,
1297 2894 1343 2960 ita
1366 2896 1401 2960 ut

160 2995 252 3062 leuius
273 3014 379 3079 expers
401 2996 582 3080 contagione
606 2996 679 3063 mali
704 2996 752 3063 rix
776 2996 840 3062 ulla
864 3015 940 3080 gens
968 2997 1149 3080 reperiatur.
1194 2997 1400 3080 Quamobrem

158 3099 371 3166 collaudamus
394 3099 531 3166 studium
555 3104 703 3180 vestrum,
726 3104 759 3166 et
780 3102 921 3185 quamuis
944 3101 1113 3186 cognitum,
1143 3105 1399 3187 perspectumque

158 3205 209 3284 sit,
233 3204 307 3290 qnid
330 3205 387 3270 bec
408 3203 440 3269 in
464 3223 498 3269 re
518 3204 713 3289 philosophia
732 3205 904 3271 clrrietiana
925 3206 1033 3290 ntique
1056 3206 1265 3273 consentiente
1279 3206 1399 3273 ratione

158 3307 306 3388 naturali,
330 3309 528 3393 praescribat,
557 3311 675 3388 tamen,
702 3328 772 3375 cum
795 3329 890 3394 praua
913 3309 1085 3376 duellorum
1109 3311 1295 3377 consuetudo
1316 3311 1399 3378 cbri-

157 3415 329 3479 stianornm
347 3417 577 3498 praeceptorum
594 3413 745 3480 oblivione
761 3413 893 3480 maxime
909 3413 1034 3494 ellatur,
1056 3415 1197 3500 expediet
1212 3417 1306 3500 atquo
1323 3417 1399 3483 utile

158 3517 228 3596 erit,
251 3517 282 3582 id
302 3517 404 3602 ipsum
426 3537 481 3601 per
499 3517 565 3584 Nos
588 3517 695 3602 paucis
718 3518 862 3586 reuocari.

259 3619 388 3688 Scilicet
410 3624 539 3707 utraque
559 3622 665 3689 diuina
686 3622 745 3700 lex,
767 3624 834 3688 tum
855 3639 902 3701 ea,
925 3639 1002 3709 quae
1022 3623 1173 3690 naturalis
1195 3624 1325 3690 rationis
1348 3624 1397 3691 lu·

159 3725 256 3806 mine,
286 3728 354 3792 tum
384 3745 464 3810 quae
491 3726 606 3793 litteris
627 3726 729 3794 divino
760 3725 869 3792 alflatu
903 3727 1079 3811 perscriptis
1111 3729 1308 3814 promulgata
1338 3729 1397 3807 est,

156 3829 297 3896 districta
318 3831 443 3910 votam,
468 3850 505 3896 ne
528 3831 598 3914 quis
621 3834 707 3897 extra
729 3850 854 3896 causam
876 3831 1030 3914 publicam
1055 3831 1209 3898 bominem
1233 3832 1394 3898 interimat

156 3935 212 4000 aut
234 3934 382 4012 vulneret,
406 3935 466 4002 nisi
489 3935 602 4002 salutis
621 3953 694 4001 suae
710 3934 918 4001 defendendae
935 3953 1039 4014 causa,
1060 3937 1241 4002 necessitate
1261 3940 1396 4004 coactus.

156 4040 199 4104 At
218 4039 272 4124 qui
294 4038 333 4106 ad
357 4039 514 4123 privatum
537 4041 692 4106 certamen
715 4042 892 4124 provocant,
913 4039 961 4106 rel
977 4039 1116 4106 oblatum
1133 4041 1316 4125 suscipiunt,
1338 4042 1396 4108 boc

156 4145 271 4228 agunt,
302 4143 363 4210 huc
391 4143 530 4210 animum
554 4144 692 4228 viresqne
714 4143 896 4224 intendunt,
927 4143 1014 4210 nulla
1036 4145 1220 4212 necessitate
1242 4145 1396 4223 adstricti,

156 4247 310 4314 stultam
333 4247 485 4332 eripiant,
514 4253 568 4314 aut
598 4249 708 4314 saltem
738 4249 849 4314 vulnus
870 4247 1004 4314 inierant
1027 4248 1212 4315 adversario.
1259 4250 1396 4336 Utraque

154 4369 244 4435 porro
264 4351 370 4418 divina
391 4353 440 4420 lex
462 4352 631 4432 interdicit,
651 4371 689 4420 ne
703 4352 773 4438 quis
788 4356 903 4419 temere
920 4351 1016 4418 vitam
1031 4351 1175 4437 proiiciat
1190 4373 1287 4435 suam,
1309 4357 1398 4441 graui

153 4456 187 4521 et
209 4456 374 4523 manifesto
394 4456 542 4524 obiiciens
566 4456 755 4537 discrimini,
783 4475 878 4542 quum
901 4455 933 4523 id
957 4455 1043 4523 colla
1063 4457 1157 4524 oldcii
1180 4462 1237 4525 aut
1256 4459 1397 4528 caritatis

154 4561 372 4646 magnanimae
394 4563 473 4629 ratio
494 4561 642 4640 suadeat;
673 4560 750 4628 haec
771 4562 875 4627 autem
899 4581 990 4629 caeca
1011 4561 1190 4644 temeritas,
1214 4564 1297 4631 ritae
1319 4581 1393 4632 con·
