3208 4768
208 181 268 247 184
314 198 402 254 Decr.
420 214 444 253 a.
466 196 576 270 Goapr.
598 197 655 267 Off.
674 199 715 252 11.
736 197 820 255 Jonas
841 197 933 254 1886.-
951 200 1129 254 dtas.motr.
1146 213 1232 253 coeco.
1246 197 1355 268 lufao.
1368 197 1450 266 tidd-

205 371 275 451 rito‚
302 387 360 436 nou
382 369 540 456 postulato
562 387 709 436 musanen
732 370 808 455 ejus,
832 371 865 435 at
886 370 932 436 sic
955 387 1113 436 remanere
1136 387 1205 435 curu
1229 369 1365 436 secunda
1382 390 1449 438 ma-

205 475 265 543 rito
288 495 324 544 ex
343 493 403 561 quo
425 474 482 540 illa
503 474 639 558 suscepit
662 474 807 558 prolem?

308 578 396 646 Vlll.
432 577 523 664 Apud
557 577 705 664 quosdam
740 578 882 645 infideles
914 577 1110 644 detestabilis
1144 578 1230 663 rigat
1260 577 1449 646 consuetudo

202 685 293 770 juxta
315 703 406 769 quam
430 683 486 765 vir,
509 686 579 769 post
599 683 795 750 commissum
822 682 1009 749 adulterium
1033 701 1102 748 cum
1122 701 1213 750 uxero
1229 682 1367 762 alterius,
1392 683 1446 748 ad·

205 788 362 856 ministrat
384 787 553 855 remedium
568 789 654 854 uxori
670 787 842 867 adulterae,
865 789 954 872 cnjus
970 787 1097 854 allectus
1112 787 1173 853 erit
1187 786 1300 854 inferre
1316 789 1447 854 mortem

203 912 295 978 snper
316 892 493 979 legitimum
517 892 684 972 mautarn,
706 911 741 958 eo
762 892 829 977 ipso
850 892 930 977 quod
951 893 1057 976 postea
1081 891 1208 958 habebit
1230 893 1447 958 connexionem

203 1017 273 1065 cum
297 1015 386 1063 uxore
409 1015 474 1066 sua.
521 996 607 1062 ilnde
631 997 806 1081 postulatur
829 1001 934 1063 utrum
957 997 1003 1062 vir
1024 996 1195 1081 logitimus,
1220 996 1272 1081 qni
1297 997 1374 1062 nolit
1395 1015 1447 1064 oo·

203 1103 344 1170 habitare
367 1121 437 1167 cum
461 1118 552 1167 uxore
574 1119 631 1168 sua
655 1103 724 1184 post
746 1100 936 1168 adulterium
959 1101 1177 1180 commissum,
1207 1103 1234 1166 si
1257 1101 1447 1167 convertitur

203 1206 242 1273 ad
265 1206 358 1272 fidam
381 1205 495 1291 poterit
517 1201 688 1290 dispensari
709 1224 727 1272 a
750 1205 872 1272 vinculo
896 1205 1086 1271 matrimonii
1109 1205 1157 1270 sui
1179 1205 1329 1272 contracti
1350 1205 1382 1269 in
1399 1206 1444 1270 in·

204 1311 372 1391 fidelitate,
404 1312 437 1376 et
459 1309 569 1377 ducere
592 1310 722 1376 alteram
746 1328 884 1388 uxorem,
909 1311 1033 1375 etiamsi
1053 1309 1185 1375 infidelis
1208 1329 1281 1375 uxor
1304 1309 1447 1375 adultera

204 1413 299 1484 vellet
318 1417 351 1483 et
372 1415 440 1500 ipsa
460 1414 639 1500 baptizari?

411 1519 446 1587 B.
471 1555 508 1566 -
535 1520 742 1602 Responsum

307 1623 367 1693 ud.
391 1626 424 1691 et
446 1623 510 1691 RB.
536 1624 598 1690 PP.
630 1622 668 1690 ad
698 1623 824 1708 singula
849 1623 1009 1707 postulata
1037 1621 1261 1706 responderunt
1289 1621 1355 1708 (11.
1378 1622 1399 1688 J
1403 1621 1447 1686 uli

204 1728 296 1806 1886,
321 1728 360 1794 ad
385 1727 542 1796 vicarium
564 1727 703 1810 aposta.
728 1727 860 1808 Natat),
880 1729 971 1811 juxta
992 1729 1172 1811 sequentem
1195 1726 1338 1805 modum,
1362 1725 1445 1792 bisce

202 1836 307 1900 umen
329 1832 539 1917 praenotatis:

308 1939 335 2004 1.
358 1935 458 2020 Supra
480 1936 596 2020 scripta
619 1936 775 2019 postulata
797 1934 934 2020 intelligi
956 1934 993 2001 da
1016 1935 1178 2020 privilegiu
1200 1956 1219 2003 a
1242 1936 1366 2004 Christo
1383 1939 1446 2005 Do·

202 2043 286 2108 mino
308 2040 339 2106 in
360 2040 496 2107 favorem
519 2040 592 2106 fldei
616 2058 758 2107 concesso
782 2042 813 2106 et
836 2059 889 2124 per
914 2040 1094 2124 Apostolum
1121 2041 1251 2106 Paulum
1277 2042 1289 2106 l
1312 2042 1351 2108 ad
1377 2043 1436 2110 Cor

205 2145 291 2223 vul,
318 2146 359 2212 12
381 2163 445 2230 seq.
468 2145 674 2230 promulgato.

303 2251 335 2318 2.
360 2249 427 2316 Hoc
448 2249 644 2334 privilegium
668 2248 808 2315 divinum
829 2249 859 2314 in
883 2268 919 2315 eo
934 2251 1112 2329 consistere,
1135 2249 1227 2334 quod,
1250 2251 1355 2316 abate
1373 2271 1442 2318 ma-

201 2353 346 2422 trimonio
362 2353 501 2438 legitime
516 2353 547 2418 in
566 2352 752 2419 infidelitate
767 2356 926 2420 contracto
941 2357 974 2419 et
989 2357 1210 2433 consummato,
1234 2353 1261 2420 si
1275 2355 1445 2440 conjugum

200 2456 280 2524 alter
303 2457 512 2525 Christianam
536 2457 628 2522 fidem
653 2458 862 2542 amplectitur,
887 2461 1033 2524 renuente
1056 2460 1154 2524 altero
1177 2458 1209 2524 in
1230 2478 1288 2525 sua
1308 2458 1444 2524 infideli·

200 2565 266 2628 tate
288 2561 439 2630 obdurato
462 2561 640 2629 cohabitare
662 2581 733 2628 cum
756 2580 916 2638 converso,
949 2565 1004 2628 aut
1034 2562 1212 2630 cohabitare
1239 2562 1363 2648 quidem
1391 2582 1445 2629 vo-

199 2667 283 2734 lente
304 2666 357 2731 sed
381 2685 438 2732 nou
461 2665 526 2732 sine
549 2667 733 2732 contumelia
758 2666 929 2744 creatoris,
961 2666 1018 2732 buc
1049 2670 1097 2734 est
1127 2686 1186 2733 non
1214 2667 1280 2734 sine
1308 2668 1444 2752 periculo

198 2770 405 2839 subversionis
435 2770 577 2855 conjugis
608 2770 724 2849 tidelis,
757 2771 806 2837 vel
836 2789 896 2836 non
929 2771 996 2836 sine
1024 2773 1232 2838 exsecratione
1254 2773 1444 2840 sanctissimi

199 2873 331 2942 nominis
353 2873 471 2942 Christi
493 2875 525 2940 et
547 2874 734 2940 christianae
757 2875 916 2960 religionis
939 2874 1157 2959 despicientia,
1189 2879 1264 2942 tnnc
1285 2876 1443 2962 integrum

198 2977 240 3046 sit
262 2997 406 3044 converso
426 2978 558 3043 transire
581 2978 620 3043 ad
644 2979 706 3044 alia
729 2983 800 3044 vota
823 2982 984 3063 postquam
1005 2979 1140 3046 infidelis
1156 2980 1371 3065 interpellatus
1388 2983 1445 3048 aut

199 3082 338 3148 absoluta
361 3083 549 3148 recusaverit
571 3102 641 3148 cum
664 3102 699 3148 on
720 3084 909 3163 cohabitare,
932 3086 989 3150 aut
1009 3085 1147 3150 animum
1170 3086 1232 3152 sibi
1253 3104 1320 3152 esee
1336 3089 1443 3151 osten-

198 3186 279 3254 derit
298 3205 369 3253 cum
392 3187 447 3252 illo
469 3186 592 3272 quidem
616 3187 794 3254 cohabitare
821 3187 873 3254 sed
897 3207 956 3254 non
980 3188 1045 3254 sine
1069 3188 1224 3256 creatoris
1243 3190 1442 3258 contumelia.

301 3291 332 3358 3.
362 3291 459 3358 Juxta
488 3292 563 3357 item
595 3291 734 3358 divinum
758 3293 972 3377 privilegium,
1005 3295 1167 3379 conjugem
1200 3313 1378 3362 conversum
1402 3293 1443 3360 ad

198 3393 305 3474 fidem,
333 3396 365 3461 in
398 3397 465 3480 ipso
495 3397 699 3463 conversionis
730 3403 843 3481 puncto
874 3416 932 3463 uon
959 3399 1094 3483 intelligi
1117 3400 1254 3466 solutum
1278 3420 1296 3464 a
1320 3400 1442 3466 vinculo

198 3500 388 3567 matrimonii
417 3519 487 3566 cum
522 3500 638 3567 inlideli
673 3502 775 3566 adbuc
808 3504 974 3587 superstite
1006 3504 1174 3582 contracti,
1206 3504 1261 3570 sed
1290 3507 1383 3584 tnnc,
1414 3504 1442 3568 si

196 3604 307 3689 conjux
330 3603 464 3671 infidelis
483 3609 603 3682 renuat,
628 3607 785 3690 acquirere
805 3607 856 3691 jus
880 3607 1059 3674 transeundi
1081 3607 1120 3674 ad
1136 3609 1215 3674 alias
1231 3609 1355 3692 nuptias
1370 3629 1441 3675 cum

197 3713 300 3776 tamen
322 3709 453 3794 conjuge
478 3709 570 3774 fideli.
615 3708 757 3776 Ceterum
789 3715 862 3778 tunc
891 3712 991 3778 solum
1022 3713 1158 3797 conjugii
1191 3713 1347 3779 vinculum
1378 3713 1442 3777 dis·

196 3812 282 3891 solvi,
305 3812 427 3897 quando
450 3814 560 3898 conjux
579 3833 742 3881 conversus
766 3816 878 3883 transit
898 3835 968 3884 cnm
991 3815 1102 3883 ellectu
1125 3817 1163 3882 ad
1185 3818 1266 3884 alies
1288 3818 1426 3902 nuptias.

300 3918 397 3984 Hinc:

301 4022 347 4087 Ad
372 4022 397 4086 l.
429 4021 460 4088 Si
484 4022 605 4107 quando
628 4026 764 4090 evenerit
787 4029 822 4090 ut
844 4030 948 4092 stante
971 4025 1100 4092 duorum
1130 4027 1301 4094 infidelium
1330 4026 1440 4093 matri-

197 4125 315 4204 monio,
352 4127 434 4192 alter
467 4126 633 4212 conjugum
664 4127 703 4194 ad
732 4129 822 4195 lidcrn
853 4147 1016 4196 conversus
1046 4132 1233 4214 baptismum
1258 4131 1440 4215 susceperit,

195 4233 288 4313 atque
312 4250 382 4296 oum
406 4231 524 4298 infideli
548 4232 677 4316 conjuga
708 4234 832 4316 pacifice
856 4237 889 4300 et
911 4236 976 4300 siue
1000 4237 1188 4302 contumelia
1210 4237 1366 4302 creamus
1388 4255 1440 4302 oo-

195 4333 392 4414 habitaverit,
415 4337 442 4400 si
466 4338 661 4420 postmodum
686 4336 837 4414 infidelis,
859 4339 933 4424 qrrin
957 4342 1061 4406 tamen
1086 4359 1156 4424 para
1178 4341 1280 4406 fidelis
1302 4341 1439 4406 rationa-

195 4436 256 4503 bile
283 4439 433 4504 motivum
465 4440 584 4506 dederit
615 4441 810 4520 discedendi,
839 4445 951 4510 nedum
982 4447 1119 4512 converti
1150 4445 1353 4522 recusaverit,
1385 4445 1439 4510 sed

194 4541 320 4624 insuper
342 4542 442 4608 tracta
463 4542 521 4609 lide
542 4543 580 4610 de
604 4545 731 4627 pacifica
746 4545 975 4614 cohabitatione
992 4553 1047 4615 aut
1061 4550 1131 4616 odio
1147 4549 1308 4637 religionis
1323 4550 1458 4618 disces--
