<?xml version="1.0" encoding="UTF-8"?>
<!DOCTYPE html PUBLIC "-//W3C//DTD XHTML 1.0 Transitional//EN"
    "http://www.w3.org/TR/xhtml1/DTD/xhtml1-transitional.dtd">
<html xmlns="http://www.w3.org/1999/xhtml" xml:lang="en" lang="en">
 <head>
  <title>
</title>
<meta http-equiv="Content-Type" content="text/html;charset=utf-8" />
  <meta name='ocr-system' content='tesseract 3.04.00' />
  <meta name='ocr-capabilities' content='ocr_page ocr_carea ocr_par ocr_line ocrx_word'/>
</head>
<body>
  <div class='ocr_page' id='page_1' title='image "./archivfrkatholi01unkngoog_0244.png"; bbox 0 0 3194 4776; ppageno 0'>
   <div class='ocr_carea' id='block_1_1' title="bbox 169 183 1395 271">
    <p class='ocr_par' dir='ltr' id='par_1_1' title="bbox 169 183 1395 271">
     <span class='ocr_line' id='line_1_1' title="bbox 169 183 1395 271; baseline -0.002 -14"><span class='ocrx_word' id='word_1_1' title='bbox 169 201 201 257; x_wconf 71' lang='lat' dir='ltr'><strong>F.</strong></span> <span class='ocrx_word' id='word_1_2' title='bbox 212 201 341 271; x_wconf 75' lang='lat' dir='ltr'><strong>Kayser,</strong></span> <span class='ocrx_word' id='word_1_3' title='bbox 356 201 419 258; x_wconf 74' lang='lat' dir='ltr'><strong>nus</strong></span> <span class='ocrx_word' id='word_1_4' title='bbox 427 203 497 257; x_wconf 84' lang='lat' dir='ltr'><strong>dem</strong></span> <span class='ocrx_word' id='word_1_5' title='bbox 508 200 766 270; x_wconf 73' lang='lat' dir='ltr'><strong>[inplicta-Baete</strong></span> <span class='ocrx_word' id='word_1_6' title='bbox 778 201 831 257; x_wconf 81' lang='lat' dir='ltr'><strong>dee</strong></span> <span class='ocrx_word' id='word_1_7' title='bbox 844 199 959 257; x_wconf 75' lang='lat' dir='ltr'><strong>Debere</strong></span> <span class='ocrx_word' id='word_1_8' title='bbox 970 201 1124 257; x_wconf 84' lang='lat' dir='ltr'><strong>Hoselucb</strong></span> <span class='ocrx_word' id='word_1_9' title='bbox 1138 202 1181 256; x_wconf 81' lang='lat'><strong>15.</strong></span> <span class='ocrx_word' id='word_1_10' title='bbox 1191 201 1291 258; x_wconf 82' lang='lat' dir='ltr'><strong>dets.</strong></span> <span class='ocrx_word' id='word_1_11' title='bbox 1332 183 1395 248; x_wconf 82' lang='lat'><strong>239</strong></span> 
     </span>
    </p>
   </div>
   <div class='ocr_carea' id='block_1_2' title="bbox 147 371 1399 4631">
    <p class='ocr_par' dir='ltr' id='par_1_2' title="bbox 147 371 1391 560">
     <span class='ocr_line' id='line_1_2' title="bbox 147 371 1391 458; baseline 0 -20"><span class='ocrx_word' id='word_1_12' title='bbox 147 393 202 458; x_wconf 92' lang='lat' dir='ltr'><strong>pro</strong></span> <span class='ocrx_word' id='word_1_13' title='bbox 224 373 358 439; x_wconf 79' lang='lat' dir='ltr'><strong>fratibus</strong></span> <span class='ocrx_word' id='word_1_14' title='bbox 380 373 560 438; x_wconf 88' lang='lat' dir='ltr'><strong>memoriam</strong></span> <span class='ocrx_word' id='word_1_15' title='bbox 586 373 721 439; x_wconf 78' lang='lat' dir='ltr'><strong>habeant</strong></span> <span class='ocrx_word' id='word_1_16' title='bbox 744 374 776 438; x_wconf 91' lang='lat' dir='ltr'><strong>et</strong></span> <span class='ocrx_word' id='word_1_17' title='bbox 800 373 856 436; x_wconf 91' lang='lat' dir='ltr'><strong>hcc</strong></span> <span class='ocrx_word' id='word_1_18' title='bbox 879 371 973 438; x_wconf 89' lang='lat' dir='ltr'><strong>certis</strong></span> <span class='ocrx_word' id='word_1_19' title='bbox 996 373 1026 436; x_wconf 93' lang='lat' dir='ltr'><strong>in</strong></span> <span class='ocrx_word' id='word_1_20' title='bbox 1052 373 1126 439; x_wconf 89' lang='lat' dir='ltr'><strong>locis</strong></span> <span class='ocrx_word' id='word_1_21' title='bbox 1159 393 1211 456; x_wconf 89' lang='lat' dir='ltr'><strong>per</strong></span> <span class='ocrx_word' id='word_1_22' title='bbox 1241 373 1391 438; x_wconf 88' lang='lat' dir='ltr'><strong>decanum</strong></span> 
     </span>
     <span class='ocr_line' id='line_1_3' title="bbox 147 475 1186 560; baseline -0.002 -16"><span class='ocrx_word' id='word_1_23' title='bbox 147 482 181 544; x_wconf 90' lang='lat' dir='ltr'><strong>et</strong></span> <span class='ocrx_word' id='word_1_24' title='bbox 203 477 405 544; x_wconf 87' lang='lat' dir='ltr'><strong>camerarium</strong></span> <span class='ocrx_word' id='word_1_25' title='bbox 429 476 505 541; x_wconf 89' lang='lat' dir='ltr'><strong>dicti</strong></span> <span class='ocrx_word' id='word_1_26' title='bbox 528 476 657 559; x_wconf 90' lang='lat' dir='ltr'><strong>capituli</strong></span> <span class='ocrx_word' id='word_1_27' title='bbox 682 477 746 542; x_wconf 87' lang='lat' dir='ltr'><strong>suis</strong></span> <span class='ocrx_word' id='word_1_28' title='bbox 768 475 976 542; x_wconf 77' lang='lat' dir='ltr'><strong>confratribus</strong></span> <span class='ocrx_word' id='word_1_29' title='bbox 991 476 1186 560; x_wconf 75' lang='lat' dir='ltr'>deputandis,</span> 
     </span>
    </p>

    <p class='ocr_par' dir='ltr' id='par_1_3' title="bbox 147 580 1395 1083">
     <span class='ocr_line' id='line_1_4' title="bbox 253 580 1391 664; baseline -0.001 -17"><span class='ocrx_word' id='word_1_30' title='bbox 253 586 283 664; x_wconf 62' lang='grc' dir='ltr'><strong>ἕ.</strong></span> <span class='ocrx_word' id='word_1_31' title='bbox 307 582 357 647; x_wconf 83' lang='grc'><strong>15.</strong></span> <span class='ocrx_word' id='word_1_32' title='bbox 391 581 471 646; x_wconf 87' lang='lat' dir='ltr'><strong>Item</strong></span> <span class='ocrx_word' id='word_1_33' title='bbox 499 600 569 645; x_wconf 92' lang='lat' dir='ltr'><strong>cum</strong></span> <span class='ocrx_word' id='word_1_34' title='bbox 600 581 713 648; x_wconf 89' lang='lat' dir='ltr'><strong>missae</strong></span> <span class='ocrx_word' id='word_1_35' title='bbox 742 598 795 664; x_wconf 92' lang='lat' dir='ltr'><strong>pro</strong></span> <span class='ocrx_word' id='word_1_36' title='bbox 822 580 976 646; x_wconf 87' lang='lat' dir='ltr'><strong>detunctia</strong></span> <span class='ocrx_word' id='word_1_37' title='bbox 999 581 1237 647; x_wconf 90' lang='lat' dir='ltr'><strong>celebrabuntur</strong></span> <span class='ocrx_word' id='word_1_38' title='bbox 1261 583 1317 645; x_wconf 88' lang='lat' dir='ltr'><strong>aut</strong></span> <span class='ocrx_word' id='word_1_39' title='bbox 1338 581 1391 646; x_wconf 91' lang='lat' dir='ltr'><strong>de·</strong></span> 
     </span>
     <span class='ocr_line' id='line_1_5' title="bbox 149 683 1395 772; baseline -0.001 -21"><span class='ocrx_word' id='word_1_40' title='bbox 149 689 316 751; x_wconf 89' lang='lat' dir='ltr'><strong>cantentur</strong></span> <span class='ocrx_word' id='word_1_41' title='bbox 335 685 438 772; x_wconf 82' lang='lat' dir='ltr'><strong>(sict),</strong></span> <span class='ocrx_word' id='word_1_42' title='bbox 456 686 567 749; x_wconf 77' lang='lat' dir='ltr'>extunc</span> <span class='ocrx_word' id='word_1_43' title='bbox 590 685 725 768; x_wconf 74' lang='lat' dir='ltr'><strong>quilibet</strong></span> <span class='ocrx_word' id='word_1_44' title='bbox 746 685 843 750; x_wconf 86' lang='lat' dir='ltr'><strong>irater</strong></span> <span class='ocrx_word' id='word_1_45' title='bbox 865 683 1009 750; x_wconf 82' lang='lat' dir='ltr'><strong>dedicio</strong></span> <span class='ocrx_word' id='word_1_46' title='bbox 1032 685 1168 767; x_wconf 87' lang='lat' dir='ltr'><strong>capitulo</strong></span> <span class='ocrx_word' id='word_1_47' title='bbox 1191 685 1318 750; x_wconf 89' lang='lat' dir='ltr'><strong>babebit</strong></span> <span class='ocrx_word' id='word_1_48' title='bbox 1342 703 1395 768; x_wconf 96' lang='lat' dir='ltr'><strong>pro</strong></span> 
     </span>
     <span class='ocr_line' id='line_1_6' title="bbox 150 788 1395 874; baseline 0 -20"><span class='ocrx_word' id='word_1_49' title='bbox 150 791 351 874; x_wconf 72' lang='lat' dir='ltr'><strong>pertinenciis</strong></span> <span class='ocrx_word' id='word_1_50' title='bbox 370 807 421 854; x_wconf 87' lang='lat' dir='ltr'><strong>sex</strong></span> <span class='ocrx_word' id='word_1_51' title='bbox 445 789 585 854; x_wconf 87' lang='lat' dir='ltr'><strong>denarios</strong></span> <span class='ocrx_word' id='word_1_52' title='bbox 609 791 825 874; x_wconf 70' lang='lat' dir='ltr'><strong>argenteorum</strong></span> <span class='ocrx_word' id='word_1_53' title='bbox 849 791 904 854; x_wconf 87' lang='lat' dir='ltr'><strong>aut</strong></span> <span class='ocrx_word' id='word_1_54' title='bbox 925 788 1056 854; x_wconf 88' lang='lat' dir='ltr'><strong>sedecim</strong></span> <span class='ocrx_word' id='word_1_55' title='bbox 1074 788 1216 855; x_wconf 87' lang='lat' dir='ltr'><strong>balenses</strong></span> <span class='ocrx_word' id='word_1_56' title='bbox 1231 788 1395 867; x_wconf 78' lang='lat' dir='ltr'><strong>usualium,</strong></span> 
     </span>
     <span class='ocr_line' id='line_1_7' title="bbox 147 893 1393 976; baseline -0.002 -16"><span class='ocrx_word' id='word_1_57' title='bbox 147 894 202 960; x_wconf 86' lang='lat' dir='ltr'><strong>sed</strong></span> <span class='ocrx_word' id='word_1_58' title='bbox 225 895 446 960; x_wconf 87' lang='lat' dir='ltr'><strong>comessatione</strong></span> <span class='ocrx_word' id='word_1_59' title='bbox 470 895 525 957; x_wconf 89' lang='lat' dir='ltr'><strong>aut</strong></span> <span class='ocrx_word' id='word_1_60' title='bbox 547 893 674 976; x_wconf 87' lang='lat' dir='ltr'><strong>prandio</strong></span> <span class='ocrx_word' id='word_1_61' title='bbox 690 893 747 958; x_wconf 91' lang='lat' dir='ltr'><strong>illa</strong></span> <span class='ocrx_word' id='word_1_62' title='bbox 763 893 828 958; x_wconf 86' lang='lat' dir='ltr'><strong>rice</strong></span> <span class='ocrx_word' id='word_1_63' title='bbox 843 893 1002 970; x_wconf 86' lang='lat' dir='ltr'><strong>carebunt,</strong></span> <span class='ocrx_word' id='word_1_64' title='bbox 1026 911 1105 976; x_wconf 89' lang='lat' dir='ltr'><strong>quue</strong></span> <span class='ocrx_word' id='word_1_65' title='bbox 1119 896 1224 960; x_wconf 87' lang='lat' dir='ltr'><strong>tamen</strong></span> <span class='ocrx_word' id='word_1_66' title='bbox 1243 895 1393 960; x_wconf 87' lang='lat' dir='ltr'><strong>hactenus</strong></span> 
     </span>
     <span class='ocr_line' id='line_1_8' title="bbox 148 997 809 1083; baseline -0.002 -20"><span class='ocrx_word' id='word_1_67' title='bbox 148 1001 182 1064; x_wconf 90' lang='lat' dir='ltr'><strong>et</strong></span> <span class='ocrx_word' id='word_1_68' title='bbox 205 999 265 1064; x_wconf 90' lang='lat' dir='ltr'><strong>huc</strong></span> <span class='ocrx_word' id='word_1_69' title='bbox 284 1016 383 1083; x_wconf 88' lang='lat' dir='ltr'><strong>usque</strong></span> <span class='ocrx_word' id='word_1_70' title='bbox 403 997 554 1080; x_wconf 87' lang='lat' dir='ltr'><strong>praestari</strong></span> <span class='ocrx_word' id='word_1_71' title='bbox 576 1000 809 1063; x_wconf 83' lang='lat' dir='ltr'><strong>consueverunt.</strong></span> 
     </span>
    </p>

    <p class='ocr_par' dir='ltr' id='par_1_4' title="bbox 150 1101 1396 1499">
     <span class='ocr_line' id='line_1_9' title="bbox 253 1101 1396 1186; baseline -0.001 -20"><span class='ocrx_word' id='word_1_72' title='bbox 253 1101 283 1186; x_wconf 65' lang='grc' dir='ltr'><strong>ξ.</strong></span> <span class='ocrx_word' id='word_1_73' title='bbox 305 1103 355 1170; x_wconf 88' lang='grc'><strong>16.</strong></span> <span class='ocrx_word' id='word_1_74' title='bbox 390 1102 472 1168; x_wconf 88' lang='lat' dir='ltr'><strong>Item</strong></span> <span class='ocrx_word' id='word_1_75' title='bbox 507 1119 577 1166; x_wconf 89' lang='lat' dir='ltr'><strong>cum</strong></span> <span class='ocrx_word' id='word_1_76' title='bbox 612 1101 708 1167; x_wconf 89' lang='lat' dir='ltr'><strong>fuerit</strong></span> <span class='ocrx_word' id='word_1_77' title='bbox 740 1102 984 1167; x_wconf 87' lang='lat' dir='ltr'><strong>anniversarium</strong></span> <span class='ocrx_word' id='word_1_78' title='bbox 1016 1102 1148 1167; x_wconf 84' lang='lat' dir='ltr'><strong>alicuius</strong></span> <span class='ocrx_word' id='word_1_79' title='bbox 1181 1101 1317 1166; x_wconf 73' lang='lat' dir='ltr'><strong>defuncti</strong></span> <span class='ocrx_word' id='word_1_80' title='bbox 1342 1119 1396 1184; x_wconf 88' lang='lat' dir='ltr'><strong>per</strong></span> 
     </span>
     <span class='ocr_line' id='line_1_10' title="bbox 150 1204 1394 1291; baseline -0.001 -20"><span class='ocrx_word' id='word_1_81' title='bbox 150 1207 316 1291; x_wconf 74' lang='lat' dir='ltr'><strong>plebanum</strong></span> <span class='ocrx_word' id='word_1_82' title='bbox 339 1206 400 1272; x_wconf 90' lang='lat' dir='ltr'><strong>loci</strong></span> <span class='ocrx_word' id='word_1_83' title='bbox 423 1207 454 1270; x_wconf 91' lang='lat' dir='ltr'><strong>in</strong></span> <span class='ocrx_word' id='word_1_84' title='bbox 478 1205 561 1270; x_wconf 88' lang='lat' dir='ltr'><strong>dicto</strong></span> <span class='ocrx_word' id='word_1_85' title='bbox 583 1204 719 1288; x_wconf 91' lang='lat' dir='ltr'><strong>capitulo</strong></span> <span class='ocrx_word' id='word_1_86' title='bbox 743 1205 973 1290; x_wconf 83' lang='lat' dir='ltr'><strong>peragendum,</strong></span> <span class='ocrx_word' id='word_1_87' title='bbox 1007 1208 1119 1272; x_wconf 79' lang='lat' dir='ltr'><strong>extunc</strong></span> <span class='ocrx_word' id='word_1_88' title='bbox 1147 1205 1258 1272; x_wconf 90' lang='lat' dir='ltr'><strong>similis</strong></span> <span class='ocrx_word' id='word_1_89' title='bbox 1286 1204 1394 1272; x_wconf 89' lang='lat' dir='ltr'><strong>modus</strong></span> 
     </span>
     <span class='ocr_line' id='line_1_11' title="bbox 150 1309 1395 1402; baseline -0.002 -26"><span class='ocrx_word' id='word_1_90' title='bbox 150 1311 304 1376; x_wconf 85' lang='lat' dir='ltr'><strong>habeatur</strong></span> <span class='ocrx_word' id='word_1_91' title='bbox 333 1311 365 1376; x_wconf 92' lang='lat' dir='ltr'><strong>in</strong></span> <span class='ocrx_word' id='word_1_92' title='bbox 395 1309 594 1393; x_wconf 88' lang='lat' dir='ltr'><strong>pertinenciis</strong></span> <span class='ocrx_word' id='word_1_93' title='bbox 626 1309 847 1376; x_wconf 76' lang='lat' dir='ltr'><strong>distribuendis</strong></span> <span class='ocrx_word' id='word_1_94' title='bbox 870 1309 985 1394; x_wconf 88' lang='lat' dir='ltr'><strong>ubsque</strong></span> <span class='ocrx_word' id='word_1_95' title='bbox 1010 1310 1173 1378; x_wconf 83' lang='lat' dir='ltr'><strong>reiectione</strong></span> <span class='ocrx_word' id='word_1_96' title='bbox 1196 1314 1251 1374; x_wconf 88' lang='lat' dir='ltr'><strong>aut</strong></span> <span class='ocrx_word' id='word_1_97' title='bbox 1273 1309 1395 1402; x_wconf 78' lang='lat' dir='ltr'><strong>prandii</strong></span> 
     </span>
     <span class='ocr_line' id='line_1_12' title="bbox 152 1416 371 1499; baseline 0.005 -19"><span class='ocrx_word' id='word_1_98' title='bbox 152 1416 371 1499; x_wconf 71' lang='lat' dir='ltr'><strong>praestatione.</strong></span> 
     </span>
    </p>

    <p class='ocr_par' dir='ltr' id='par_1_5' title="bbox 148 1518 1396 1917">
     <span class='ocr_line' id='line_1_13' title="bbox 254 1518 1396 1603; baseline -0.001 -19"><span class='ocrx_word' id='word_1_99' title='bbox 254 1519 283 1603; x_wconf 61' lang='grc' dir='ltr'><strong>ἐ.</strong></span> <span class='ocrx_word' id='word_1_100' title='bbox 310 1519 358 1585; x_wconf 87' lang='grc'><strong>17.</strong></span> <span class='ocrx_word' id='word_1_101' title='bbox 392 1518 472 1584; x_wconf 88' lang='lat' dir='ltr'><strong>Item</strong></span> <span class='ocrx_word' id='word_1_102' title='bbox 502 1537 571 1584; x_wconf 92' lang='lat' dir='ltr'><strong>curn</strong></span> <span class='ocrx_word' id='word_1_103' title='bbox 597 1518 711 1602; x_wconf 87' lang='lat' dir='ltr'><strong>aliquis</strong></span> <span class='ocrx_word' id='word_1_104' title='bbox 731 1518 769 1584; x_wconf 91' lang='lat' dir='ltr'><strong>de</strong></span> <span class='ocrx_word' id='word_1_105' title='bbox 792 1519 942 1585; x_wconf 83' lang='lat' dir='ltr'><strong>fratribus</strong></span> <span class='ocrx_word' id='word_1_106' title='bbox 965 1520 1041 1584; x_wconf 91' lang='lat' dir='ltr'><strong>dicti</strong></span> <span class='ocrx_word' id='word_1_107' title='bbox 1071 1518 1200 1601; x_wconf 84' lang='lat' dir='ltr'><strong>capituli</strong></span> <span class='ocrx_word' id='word_1_108' title='bbox 1221 1518 1302 1584; x_wconf 86' lang='lat' dir='ltr'><strong>riam</strong></span> <span class='ocrx_word' id='word_1_109' title='bbox 1327 1518 1396 1585; x_wconf 89' lang='lat' dir='ltr'><strong>nni·</strong></span> 
     </span>
     <span class='ocr_line' id='line_1_14' title="bbox 151 1621 1395 1708; baseline -0.002 -18"><span class='ocrx_word' id='word_1_110' title='bbox 151 1624 232 1690; x_wconf 85' lang='lat' dir='ltr'><strong>rarsi</strong></span> <span class='ocrx_word' id='word_1_111' title='bbox 255 1625 357 1689; x_wconf 89' lang='lat' dir='ltr'><strong>carnis</strong></span> <span class='ocrx_word' id='word_1_112' title='bbox 380 1623 474 1690; x_wconf 88' lang='lat' dir='ltr'><strong>inerit</strong></span> <span class='ocrx_word' id='word_1_113' title='bbox 495 1623 669 1708; x_wconf 87' lang='lat' dir='ltr'><strong>ingressus,</strong></span> <span class='ocrx_word' id='word_1_114' title='bbox 699 1626 810 1690; x_wconf 80' lang='lat' dir='ltr'><strong>extunc</strong></span> <span class='ocrx_word' id='word_1_115' title='bbox 831 1626 1005 1690; x_wconf 86' lang='lat' dir='ltr'><strong>executores</strong></span> <span class='ocrx_word' id='word_1_116' title='bbox 1028 1623 1104 1688; x_wconf 88' lang='lat' dir='ltr'><strong>dieti</strong></span> <span class='ocrx_word' id='word_1_117' title='bbox 1128 1622 1234 1688; x_wconf 86' lang='lat' dir='ltr'><strong>tratria</strong></span> <span class='ocrx_word' id='word_1_118' title='bbox 1257 1621 1395 1690; x_wconf 86' lang='lat' dir='ltr'><strong>defuncti</strong></span> 
     </span>
     <span class='ocr_line' id='line_1_15' title="bbox 151 1727 1396 1812; baseline -0.002 -19"><span class='ocrx_word' id='word_1_119' title='bbox 151 1731 208 1794; x_wconf 88' lang='lat' dir='ltr'><strong>eut</strong></span> <span class='ocrx_word' id='word_1_120' title='bbox 231 1728 348 1794; x_wconf 80' lang='lat' dir='ltr'><strong>ncinm</strong></span> <span class='ocrx_word' id='word_1_121' title='bbox 369 1728 535 1812; x_wconf 86' lang='lat' dir='ltr'><strong>proximior</strong></span> <span class='ocrx_word' id='word_1_122' title='bbox 557 1728 672 1794; x_wconf 88' lang='lat' dir='ltr'><strong>decano</strong></span> <span class='ocrx_word' id='word_1_123' title='bbox 701 1729 757 1795; x_wconf 90' lang='lat' dir='ltr'><strong>aut</strong></span> <span class='ocrx_word' id='word_1_124' title='bbox 779 1729 950 1795; x_wconf 83' lang='lat' dir='ltr'><strong>camerario</strong></span> <span class='ocrx_word' id='word_1_125' title='bbox 972 1728 1055 1794; x_wconf 89' lang='lat' dir='ltr'><strong>istud</strong></span> <span class='ocrx_word' id='word_1_126' title='bbox 1086 1727 1209 1793; x_wconf 88' lang='lat' dir='ltr'><strong>curabit</strong></span> <span class='ocrx_word' id='word_1_127' title='bbox 1240 1727 1396 1806; x_wconf 84' lang='lat' dir='ltr'><strong>intimare,</strong></span> 
     </span>
     <span class='ocr_line' id='line_1_16' title="bbox 148 1832 1091 1917; baseline 0.002 -19"><span class='ocrx_word' id='word_1_128' title='bbox 148 1837 187 1898; x_wconf 88' lang='lat' dir='ltr'><strong>ut</strong></span> <span class='ocrx_word' id='word_1_129' title='bbox 208 1834 352 1917; x_wconf 87' lang='lat' dir='ltr'><strong>exequiae</strong></span> <span class='ocrx_word' id='word_1_130' title='bbox 374 1833 472 1916; x_wconf 90' lang='lat' dir='ltr'><strong>ipsius</strong></span> <span class='ocrx_word' id='word_1_131' title='bbox 494 1850 577 1898; x_wconf 92' lang='lat' dir='ltr'><strong>more</strong></span> <span class='ocrx_word' id='word_1_132' title='bbox 599 1835 745 1898; x_wconf 89' lang='lat' dir='ltr'><strong>consueto</strong></span> <span class='ocrx_word' id='word_1_133' title='bbox 764 1832 870 1898; x_wconf 90' lang='lat' dir='ltr'><strong>debite</strong></span> <span class='ocrx_word' id='word_1_134' title='bbox 893 1833 1091 1916; x_wconf 86' lang='lat' dir='ltr'><strong>peragantur.</strong></span> 
     </span>
    </p>

    <p class='ocr_par' dir='ltr' id='par_1_6' title="bbox 149 1935 1395 2420">
     <span class='ocr_line' id='line_1_17' title="bbox 254 1935 1392 2021; baseline -0.002 -19"><span class='ocrx_word' id='word_1_135' title='bbox 254 1937 284 2021; x_wconf 64' lang='grc' dir='ltr'><strong>ξ.</strong></span> <span class='ocrx_word' id='word_1_136' title='bbox 310 1938 360 2004; x_wconf 73' lang='lat' dir='ltr'><strong>la</strong></span> <span class='ocrx_word' id='word_1_137' title='bbox 392 1937 471 2002; x_wconf 90' lang='lat' dir='ltr'><strong>Item</strong></span> <span class='ocrx_word' id='word_1_138' title='bbox 496 1956 566 2002; x_wconf 91' lang='lat' dir='ltr'><strong>cum</strong></span> <span class='ocrx_word' id='word_1_139' title='bbox 589 1937 832 2003; x_wconf 85' lang='lat' dir='ltr'><strong>anniversarium</strong></span> <span class='ocrx_word' id='word_1_140' title='bbox 859 1937 1060 2021; x_wconf 88' lang='lat' dir='ltr'><strong>quodcunque</strong></span> <span class='ocrx_word' id='word_1_141' title='bbox 1081 1954 1135 2020; x_wconf 91' lang='lat' dir='ltr'><strong>per</strong></span> <span class='ocrx_word' id='word_1_142' title='bbox 1152 1935 1210 2000; x_wconf 88' lang='lat' dir='ltr'><strong>loci</strong></span> <span class='ocrx_word' id='word_1_143' title='bbox 1228 1935 1392 2018; x_wconf 84' lang='lat' dir='ltr'><strong>plebanum</strong></span> 
     </span>
     <span class='ocr_line' id='line_1_18' title="bbox 149 2039 1395 2126; baseline -0.002 -20"><span class='ocrx_word' id='word_1_144' title='bbox 149 2041 205 2124; x_wconf 84' lang='lat' dir='ltr'><strong>(im</strong></span> <span class='ocrx_word' id='word_1_145' title='bbox 222 2039 363 2125; x_wconf 87' lang='lat' dir='ltr'><strong>Original</strong></span> <span class='ocrx_word' id='word_1_146' title='bbox 379 2041 517 2126; x_wconf 74' lang='lat' dir='ltr'><strong>plebane)</strong></span> <span class='ocrx_word' id='word_1_147' title='bbox 541 2059 596 2106; x_wconf 88' lang='lat' dir='ltr'><strong>suo</strong></span> <span class='ocrx_word' id='word_1_148' title='bbox 612 2045 749 2125; x_wconf 89' lang='lat' dir='ltr'><strong>tempore</strong></span> <span class='ocrx_word' id='word_1_149' title='bbox 765 2041 859 2107; x_wconf 78' lang='lat' dir='ltr'><strong>merit</strong></span> <span class='ocrx_word' id='word_1_150' title='bbox 874 2039 1093 2125; x_wconf 85' lang='lat' dir='ltr'><strong>peragendum,</strong></span> <span class='ocrx_word' id='word_1_151' title='bbox 1117 2040 1229 2105; x_wconf 86' lang='lat' dir='ltr'><strong>extunc</strong></span> <span class='ocrx_word' id='word_1_152' title='bbox 1244 2058 1313 2105; x_wconf 90' lang='lat' dir='ltr'><strong>cum</strong></span> <span class='ocrx_word' id='word_1_153' title='bbox 1330 2040 1395 2122; x_wconf 88' lang='lat' dir='ltr'><strong>ipse</strong></span> 
     </span>
     <span class='ocr_line' id='line_1_19' title="bbox 151 2142 1395 2229; baseline -0.002 -19"><span class='ocrx_word' id='word_1_154' title='bbox 151 2144 190 2210; x_wconf 90' lang='lat' dir='ltr'><strong>de</strong></span> <span class='ocrx_word' id='word_1_155' title='bbox 212 2163 268 2210; x_wconf 83' lang='lat' dir='ltr'><strong>sue</strong></span> <span class='ocrx_word' id='word_1_156' title='bbox 287 2145 406 2229; x_wconf 86' lang='lat' dir='ltr'><strong>capella</strong></span> <span class='ocrx_word' id='word_1_157' title='bbox 428 2148 484 2210; x_wconf 84' lang='lat' dir='ltr'><strong>aut</strong></span> <span class='ocrx_word' id='word_1_158' title='bbox 510 2145 654 2228; x_wconf 88' lang='lat' dir='ltr'><strong>parocbia</strong></span> <span class='ocrx_word' id='word_1_159' title='bbox 686 2145 733 2210; x_wconf 87' lang='lat' dir='ltr'><strong>vel</strong></span> <span class='ocrx_word' id='word_1_160' title='bbox 763 2147 875 2212; x_wconf 87' lang='lat' dir='ltr'><strong>saltem</strong></span> <span class='ocrx_word' id='word_1_161' title='bbox 909 2143 1054 2228; x_wconf 86' lang='lat' dir='ltr'><strong>proximis</strong></span> <span class='ocrx_word' id='word_1_162' title='bbox 1088 2144 1152 2210; x_wconf 90' lang='lat' dir='ltr'><strong>suis</strong></span> <span class='ocrx_word' id='word_1_163' title='bbox 1188 2142 1294 2208; x_wconf 89' lang='lat' dir='ltr'><strong>ricinis</strong></span> <span class='ocrx_word' id='word_1_164' title='bbox 1325 2162 1395 2228; x_wconf 88' lang='lat' dir='ltr'><strong>per·</strong></span> 
     </span>
     <span class='ocr_line' id='line_1_20' title="bbox 150 2247 1394 2334; baseline -0.002 -20"><span class='ocrx_word' id='word_1_165' title='bbox 150 2266 294 2314; x_wconf 86' lang='lat' dir='ltr'><strong>sonarum</strong></span> <span class='ocrx_word' id='word_1_166' title='bbox 316 2250 436 2334; x_wconf 86' lang='lat' dir='ltr'><strong>copiam</strong></span> <span class='ocrx_word' id='word_1_167' title='bbox 460 2250 573 2316; x_wconf 88' lang='lat' dir='ltr'><strong>babere</strong></span> <span class='ocrx_word' id='word_1_168' title='bbox 596 2251 747 2333; x_wconf 82' lang='lat' dir='ltr'><strong>potnerit,</strong></span> <span class='ocrx_word' id='word_1_169' title='bbox 771 2250 853 2334; x_wconf 93' lang='lat' dir='ltr'><strong>quod</strong></span> <span class='ocrx_word' id='word_1_170' title='bbox 873 2269 926 2333; x_wconf 91' lang='lat' dir='ltr'><strong>pro</strong></span> <span class='ocrx_word' id='word_1_171' title='bbox 942 2252 1016 2314; x_wconf 88' lang='lat' dir='ltr'><strong>tunc</strong></span> <span class='ocrx_word' id='word_1_172' title='bbox 1032 2265 1177 2332; x_wconf 90' lang='lat' dir='ltr'><strong>personae</strong></span> <span class='ocrx_word' id='word_1_173' title='bbox 1194 2250 1330 2313; x_wconf 85' lang='lat' dir='ltr'><strong>remotae</strong></span> <span class='ocrx_word' id='word_1_174' title='bbox 1345 2247 1394 2312; x_wconf 87' lang='lat' dir='ltr'><strong>rel</strong></span> 
     </span>
     <span class='ocr_line' id='line_1_21' title="bbox 150 2352 1393 2420; baseline -0.002 -2"><span class='ocrx_word' id='word_1_175' title='bbox 150 2354 261 2420; x_wconf 86' lang='lat' dir='ltr'><strong>saltem</strong></span> <span class='ocrx_word' id='word_1_176' title='bbox 289 2353 464 2419; x_wconf 87' lang='lat' dir='ltr'><strong>remotiores</strong></span> <span class='ocrx_word' id='word_1_177' title='bbox 487 2352 524 2418; x_wconf 90' lang='lat' dir='ltr'><strong>ad</strong></span> <span class='ocrx_word' id='word_1_178' title='bbox 549 2353 726 2419; x_wconf 91' lang='lat' dir='ltr'><strong>huiusmodi</strong></span> <span class='ocrx_word' id='word_1_179' title='bbox 753 2353 995 2420; x_wconf 83' lang='lat' dir='ltr'><strong>anniversarium</strong></span> <span class='ocrx_word' id='word_1_180' title='bbox 1021 2352 1196 2419; x_wconf 87' lang='lat' dir='ltr'><strong>nullatenus</strong></span> <span class='ocrx_word' id='word_1_181' title='bbox 1220 2353 1393 2418; x_wconf 83' lang='lat' dir='ltr'><strong>evocentur.</strong></span> 
     </span>
    </p>

    <p class='ocr_par' dir='ltr' id='par_1_7' title="bbox 151 2455 1394 2646">
     <span class='ocr_line' id='line_1_22' title="bbox 255 2455 1394 2542; baseline -0.001 -21"><span class='ocrx_word' id='word_1_182' title='bbox 255 2459 283 2541; x_wconf 65' lang='grc' dir='ltr'><strong>ς.</strong></span> <span class='ocrx_word' id='word_1_183' title='bbox 313 2459 360 2524; x_wconf 87' lang='grc'><strong>19.</strong></span> <span class='ocrx_word' id='word_1_184' title='bbox 396 2458 476 2522; x_wconf 89' lang='lat' dir='ltr'><strong>Item</strong></span> <span class='ocrx_word' id='word_1_185' title='bbox 505 2457 586 2542; x_wconf 94' lang='lat' dir='ltr'><strong>quod</strong></span> <span class='ocrx_word' id='word_1_186' title='bbox 614 2457 783 2524; x_wconf 89' lang='lat' dir='ltr'><strong>consimilis</strong></span> <span class='ocrx_word' id='word_1_187' title='bbox 814 2457 923 2523; x_wconf 88' lang='lat' dir='ltr'><strong>modus</strong></span> <span class='ocrx_word' id='word_1_188' title='bbox 955 2459 986 2523; x_wconf 95' lang='lat' dir='ltr'><strong>in</strong></span> <span class='ocrx_word' id='word_1_189' title='bbox 1013 2456 1155 2524; x_wconf 88' lang='lat' dir='ltr'><strong>omnibus</strong></span> <span class='ocrx_word' id='word_1_190' title='bbox 1178 2455 1394 2522; x_wconf 83' lang='lat' dir='ltr'><strong>anniversariis</strong></span> 
     </span>
     <span class='ocr_line' id='line_1_23' title="bbox 151 2561 688 2646; baseline -0.002 -20"><span class='ocrx_word' id='word_1_191' title='bbox 151 2561 335 2646; x_wconf 80' lang='lat' dir='ltr'><strong>peragendis</strong></span> <span class='ocrx_word' id='word_1_192' title='bbox 358 2561 503 2627; x_wconf 90' lang='lat' dir='ltr'><strong>similiter</strong></span> <span class='ocrx_word' id='word_1_193' title='bbox 525 2561 688 2627; x_wconf 84' lang='lat' dir='ltr'><strong>habeatur.</strong></span> 
     </span>
    </p>

    <p class='ocr_par' dir='ltr' id='par_1_8' title="bbox 149 2665 1397 3376">
     <span class='ocr_line' id='line_1_24' title="bbox 255 2665 1395 2750; baseline 0 -20"><span class='ocrx_word' id='word_1_194' title='bbox 255 2668 283 2749; x_wconf 72' lang='lat' dir='ltr'><strong>tt.</strong></span> <span class='ocrx_word' id='word_1_195' title='bbox 309 2667 359 2732; x_wconf 85' lang='lat'><strong>20.</strong></span> <span class='ocrx_word' id='word_1_196' title='bbox 396 2665 476 2730; x_wconf 90' lang='lat' dir='ltr'><strong>Item</strong></span> <span class='ocrx_word' id='word_1_197' title='bbox 499 2666 580 2748; x_wconf 93' lang='lat' dir='ltr'><strong>quod</strong></span> <span class='ocrx_word' id='word_1_198' title='bbox 602 2667 785 2750; x_wconf 84' lang='lat' dir='ltr'><strong>quicunque,</strong></span> <span class='ocrx_word' id='word_1_199' title='bbox 811 2667 892 2732; x_wconf 74' lang='lat' dir='ltr'><strong>deut</strong></span> <span class='ocrx_word' id='word_1_200' title='bbox 914 2666 1145 2750; x_wconf 86' lang='lat' dir='ltr'><strong>praescribitur,</strong></span> <span class='ocrx_word' id='word_1_201' title='bbox 1167 2665 1244 2731; x_wconf 92' lang='lat' dir='ltr'><strong>dicti</strong></span> <span class='ocrx_word' id='word_1_202' title='bbox 1264 2665 1395 2749; x_wconf 91' lang='lat' dir='ltr'><strong>capituli</strong></span> 
     </span>
     <span class='ocr_line' id='line_1_25' title="bbox 149 2767 1397 2853; baseline 0 -19"><span class='ocrx_word' id='word_1_203' title='bbox 149 2767 247 2834; x_wconf 87' lang='lat' dir='ltr'><strong>irater</strong></span> <span class='ocrx_word' id='word_1_204' title='bbox 269 2771 414 2837; x_wconf 84' lang='lat' dir='ltr'><strong>evocatus</strong></span> <span class='ocrx_word' id='word_1_205' title='bbox 435 2769 529 2835; x_wconf 82' lang='lat' dir='ltr'><strong>inerit</strong></span> <span class='ocrx_word' id='word_1_206' title='bbox 551 2773 584 2836; x_wconf 91' lang='lat' dir='ltr'><strong>et</strong></span> <span class='ocrx_word' id='word_1_207' title='bbox 608 2771 652 2834; x_wconf 88' lang='lat' dir='ltr'><strong>ire</strong></span> <span class='ocrx_word' id='word_1_208' title='bbox 675 2773 708 2835; x_wconf 89' lang='lat' dir='ltr'><strong>et</strong></span> <span class='ocrx_word' id='word_1_209' title='bbox 730 2771 834 2836; x_wconf 84' lang='lat' dir='ltr'><strong>venire</strong></span> <span class='ocrx_word' id='word_1_210' title='bbox 857 2770 1014 2836; x_wconf 88' lang='lat' dir='ltr'><strong>distulerit</strong></span> <span class='ocrx_word' id='word_1_211' title='bbox 1033 2771 1089 2835; x_wconf 86' lang='lat' dir='ltr'><strong>aut</strong></span> <span class='ocrx_word' id='word_1_212' title='bbox 1104 2769 1285 2853; x_wconf 83' lang='lat' dir='ltr'><strong>neglexerit,</strong></span> <span class='ocrx_word' id='word_1_213' title='bbox 1308 2769 1397 2835; x_wconf 90' lang='lat' dir='ltr'><strong>dabit</strong></span> 
     </span>
     <span class='ocr_line' id='line_1_26' title="bbox 149 2873 1396 2958; baseline -0.002 -18"><span class='ocrx_word' id='word_1_214' title='bbox 149 2873 315 2940; x_wconf 89' lang='lat' dir='ltr'><strong>dimidium</strong></span> <span class='ocrx_word' id='word_1_215' title='bbox 345 2875 456 2940; x_wconf 89' lang='lat' dir='ltr'><strong>libram</strong></span> <span class='ocrx_word' id='word_1_216' title='bbox 480 2893 568 2939; x_wconf 90' lang='lat' dir='ltr'><strong>cerae</strong></span> <span class='ocrx_word' id='word_1_217' title='bbox 596 2873 732 2958; x_wconf 89' lang='lat' dir='ltr'><strong>capitulo</strong></span> <span class='ocrx_word' id='word_1_218' title='bbox 762 2895 816 2958; x_wconf 96' lang='lat' dir='ltr'><strong>pro</strong></span> <span class='ocrx_word' id='word_1_219' title='bbox 847 2877 992 2954; x_wconf 80' lang='lat' dir='ltr'><strong>emenda,</strong></span> <span class='ocrx_word' id='word_1_220' title='bbox 1026 2874 1083 2940; x_wconf 91' lang='lat' dir='ltr'><strong>nisi</strong></span> <span class='ocrx_word' id='word_1_221' title='bbox 1117 2874 1221 2940; x_wconf 86' lang='lat' dir='ltr'><strong>toraan</strong></span> <span class='ocrx_word' id='word_1_222' title='bbox 1254 2873 1396 2939; x_wconf 85' lang='lat' dir='ltr'><strong>infirmus</strong></span> 
     </span>
     <span class='ocr_line' id='line_1_27' title="bbox 155 2977 1397 3063; baseline -0.002 -20"><span class='ocrx_word' id='word_1_223' title='bbox 155 2977 253 3044; x_wconf 83' lang='lat' dir='ltr'><strong>fuerit</strong></span> <span class='ocrx_word' id='word_1_224' title='bbox 282 2978 328 3044; x_wconf 90' lang='lat' dir='ltr'><strong>vel</strong></span> <span class='ocrx_word' id='word_1_225' title='bbox 356 2979 467 3044; x_wconf 89' lang='lat' dir='ltr'><strong>saltem</strong></span> <span class='ocrx_word' id='word_1_226' title='bbox 491 2978 553 3044; x_wconf 88' lang='lat' dir='ltr'><strong>alic</strong></span> <span class='ocrx_word' id='word_1_227' title='bbox 572 2979 714 3063; x_wconf 90' lang='lat' dir='ltr'><strong>legitimo</strong></span> <span class='ocrx_word' id='word_1_228' title='bbox 741 2978 963 3063; x_wconf 88' lang='lat' dir='ltr'><strong>impedimento</strong></span> <span class='ocrx_word' id='word_1_229' title='bbox 985 2979 1129 3045; x_wconf 89' lang='lat' dir='ltr'><strong>detentus</strong></span> <span class='ocrx_word' id='word_1_230' title='bbox 1152 2979 1208 3044; x_wconf 88' lang='lat' dir='ltr'><strong>aut</strong></span> <span class='ocrx_word' id='word_1_231' title='bbox 1229 2977 1397 3062; x_wconf 89' lang='lat' dir='ltr'><strong>impeditus</strong></span> 
     </span>
     <span class='ocr_line' id='line_1_28' title="bbox 150 3080 1396 3166; baseline -0.002 -18"><span class='ocrx_word' id='word_1_232' title='bbox 150 3083 247 3148; x_wconf 88' lang='lat' dir='ltr'><strong>tuerit</strong></span> <span class='ocrx_word' id='word_1_233' title='bbox 262 3084 311 3149; x_wconf 83' lang='lat' dir='ltr'><strong>sel</strong></span> <span class='ocrx_word' id='word_1_234' title='bbox 327 3083 440 3148; x_wconf 86' lang='lat' dir='ltr'><strong>saltem</strong></span> <span class='ocrx_word' id='word_1_235' title='bbox 460 3101 549 3147; x_wconf 91' lang='lat' dir='ltr'><strong>suum</strong></span> <span class='ocrx_word' id='word_1_236' title='bbox 573 3080 749 3166; x_wconf 89' lang='lat' dir='ltr'><strong>legitimum</strong></span> <span class='ocrx_word' id='word_1_237' title='bbox 774 3084 983 3148; x_wconf 87' lang='lat' dir='ltr'><strong>excusatorem</strong></span> <span class='ocrx_word' id='word_1_238' title='bbox 1005 3083 1221 3149; x_wconf 89' lang='lat' dir='ltr'><strong>transmiserit.</strong></span> <span class='ocrx_word' id='word_1_239' title='bbox 1250 3082 1396 3166; x_wconf 82' lang='lat' dir='ltr'><strong>Alioquin</strong></span> 
     </span>
     <span class='ocr_line' id='line_1_29' title="bbox 150 3185 1396 3272; baseline 0.001 -21"><span class='ocrx_word' id='word_1_240' title='bbox 150 3187 322 3272; x_wconf 86' lang='lat' dir='ltr'><strong>praelatam</strong></span> <span class='ocrx_word' id='word_1_241' title='bbox 355 3206 466 3271; x_wconf 90' lang='lat' dir='ltr'><strong>penam</strong></span> <span class='ocrx_word' id='word_1_242' title='bbox 500 3187 582 3251; x_wconf 92' lang='lat' dir='ltr'><strong>dicto</strong></span> <span class='ocrx_word' id='word_1_243' title='bbox 617 3186 754 3270; x_wconf 90' lang='lat' dir='ltr'><strong>capitulo</strong></span> <span class='ocrx_word' id='word_1_244' title='bbox 776 3190 911 3270; x_wconf 88' lang='lat' dir='ltr'><strong>praestet</strong></span> <span class='ocrx_word' id='word_1_245' title='bbox 931 3189 1024 3272; x_wconf 89' lang='lat' dir='ltr'><strong>atque</strong></span> <span class='ocrx_word' id='word_1_246' title='bbox 1047 3187 1147 3253; x_wconf 84' lang='lat' dir='ltr'><strong>solvat</strong></span> <span class='ocrx_word' id='word_1_247' title='bbox 1167 3187 1201 3252; x_wconf 91' lang='lat' dir='ltr'><strong>in</strong></span> <span class='ocrx_word' id='word_1_248' title='bbox 1223 3185 1396 3266; x_wconf 78' lang='lat' dir='ltr'><strong>emendam,</strong></span> 
     </span>
     <span class='ocr_line' id='line_1_30' title="bbox 150 3290 816 3376; baseline 0.005 -22"><span class='ocrx_word' id='word_1_249' title='bbox 150 3290 293 3376; x_wconf 87' lang='lat' dir='ltr'><strong>quelibet</strong></span> <span class='ocrx_word' id='word_1_250' title='bbox 317 3291 561 3356; x_wconf 84' lang='lat' dir='ltr'><strong>contradictione</strong></span> <span class='ocrx_word' id='word_1_251' title='bbox 583 3291 816 3358; x_wconf 87' lang='lat' dir='ltr'><strong>nonobstante.</strong></span> 
     </span>
    </p>

    <p class='ocr_par' dir='ltr' id='par_1_9' title="bbox 149 3394 1398 3896">
     <span class='ocr_line' id='line_1_31' title="bbox 256 3394 1396 3479; baseline 0 -19"><span class='ocrx_word' id='word_1_252' title='bbox 256 3395 284 3479; x_wconf 68' lang='grc' dir='ltr'><strong>ξ.</strong></span> <span class='ocrx_word' id='word_1_253' title='bbox 306 3396 358 3461; x_wconf 84' lang='grc'><strong>21.</strong></span> <span class='ocrx_word' id='word_1_254' title='bbox 392 3395 473 3460; x_wconf 86' lang='lat' dir='ltr'><strong>Item</strong></span> <span class='ocrx_word' id='word_1_255' title='bbox 503 3394 583 3478; x_wconf 91' lang='lat' dir='ltr'><strong>quod</strong></span> <span class='ocrx_word' id='word_1_256' title='bbox 608 3414 819 3479; x_wconf 87' lang='lat' dir='ltr'><strong>quemcunque</strong></span> <span class='ocrx_word' id='word_1_257' title='bbox 848 3395 886 3460; x_wconf 92' lang='lat' dir='ltr'><strong>de</strong></span> <span class='ocrx_word' id='word_1_258' title='bbox 918 3395 1066 3461; x_wconf 85' lang='lat' dir='ltr'><strong>tratribus</strong></span> <span class='ocrx_word' id='word_1_259' title='bbox 1089 3395 1167 3462; x_wconf 89' lang='lat' dir='ltr'><strong>dicti</strong></span> <span class='ocrx_word' id='word_1_260' title='bbox 1190 3395 1319 3479; x_wconf 89' lang='lat' dir='ltr'><strong>capituli</strong></span> <span class='ocrx_word' id='word_1_261' title='bbox 1343 3395 1396 3462; x_wconf 91' lang='lat' dir='ltr'><strong>de·</strong></span> 
     </span>
     <span class='ocr_line' id='line_1_32' title="bbox 150 3498 1394 3584; baseline 0 -19"><span class='ocrx_word' id='word_1_262' title='bbox 150 3500 258 3565; x_wconf 87' lang='lat' dir='ltr'><strong>cedere</strong></span> <span class='ocrx_word' id='word_1_263' title='bbox 281 3499 485 3582; x_wconf 88' lang='lat' dir='ltr'><strong>contingeret,</strong></span> <span class='ocrx_word' id='word_1_264' title='bbox 508 3499 560 3582; x_wconf 92' lang='lat' dir='ltr'><strong>qni</strong></span> <span class='ocrx_word' id='word_1_265' title='bbox 581 3498 657 3564; x_wconf 90' lang='lat' dir='ltr'><strong>adeo</strong></span> <span class='ocrx_word' id='word_1_266' title='bbox 679 3518 793 3582; x_wconf 89' lang='lat' dir='ltr'><strong>pauper</strong></span> <span class='ocrx_word' id='word_1_267' title='bbox 815 3501 906 3579; x_wconf 80' lang='lat' dir='ltr'><strong>esset,</strong></span> <span class='ocrx_word' id='word_1_268' title='bbox 929 3500 1009 3584; x_wconf 91' lang='lat' dir='ltr'><strong>quod</strong></span> <span class='ocrx_word' id='word_1_269' title='bbox 1033 3500 1098 3584; x_wconf 88' lang='lat' dir='ltr'><strong>ipse</strong></span> <span class='ocrx_word' id='word_1_270' title='bbox 1114 3502 1184 3584; x_wconf 90' lang='lat' dir='ltr'><strong>post</strong></span> <span class='ocrx_word' id='word_1_271' title='bbox 1198 3501 1294 3583; x_wconf 89' lang='lat' dir='ltr'><strong>ipsius</strong></span> <span class='ocrx_word' id='word_1_272' title='bbox 1311 3518 1394 3565; x_wconf 91' lang='lat' dir='ltr'><strong>mor·</strong></span> 
     </span>
     <span class='ocr_line' id='line_1_33' title="bbox 149 3601 1396 3688; baseline -0.002 -18"><span class='ocrx_word' id='word_1_273' title='bbox 149 3605 215 3670; x_wconf 89' lang='lat' dir='ltr'><strong>tem</strong></span> <span class='ocrx_word' id='word_1_274' title='bbox 239 3623 346 3688; x_wconf 88' lang='lat' dir='ltr'><strong>porum</strong></span> <span class='ocrx_word' id='word_1_275' title='bbox 371 3605 427 3670; x_wconf 87' lang='lat' dir='ltr'><strong>ent</strong></span> <span class='ocrx_word' id='word_1_276' title='bbox 447 3601 525 3668; x_wconf 87' lang='lat' dir='ltr'><strong>nibil</strong></span> <span class='ocrx_word' id='word_1_277' title='bbox 551 3601 588 3668; x_wconf 92' lang='lat' dir='ltr'><strong>de</strong></span> <span class='ocrx_word' id='word_1_278' title='bbox 616 3603 702 3669; x_wconf 89' lang='lat' dir='ltr'><strong>bonis</strong></span> <span class='ocrx_word' id='word_1_279' title='bbox 733 3603 949 3686; x_wconf 90' lang='lat' dir='ltr'><strong>dereliquisset</strong></span> <span class='ocrx_word' id='word_1_280' title='bbox 978 3623 1032 3687; x_wconf 92' lang='lat' dir='ltr'><strong>pro</strong></span> <span class='ocrx_word' id='word_1_281' title='bbox 1062 3603 1260 3688; x_wconf 90' lang='lat' dir='ltr'><strong>pertinenciis</strong></span> <span class='ocrx_word' id='word_1_282' title='bbox 1291 3603 1396 3668; x_wconf 88' lang='lat' dir='ltr'><strong>distri·</strong></span> 
     </span>
     <span class='ocr_line' id='line_1_34' title="bbox 152 3706 1398 3790; baseline -0.001 -16"><span class='ocrx_word' id='word_1_283' title='bbox 152 3707 292 3787; x_wconf 84' lang='lat' dir='ltr'><strong>bucndis,</strong></span> <span class='ocrx_word' id='word_1_284' title='bbox 314 3711 425 3774; x_wconf 90' lang='lat' dir='ltr'><strong>extunc</strong></span> <span class='ocrx_word' id='word_1_285' title='bbox 442 3706 618 3773; x_wconf 87' lang='lat' dir='ltr'><strong>huiusmodi</strong></span> <span class='ocrx_word' id='word_1_286' title='bbox 633 3707 838 3790; x_wconf 85' lang='lat' dir='ltr'><strong>pertinencias</strong></span> <span class='ocrx_word' id='word_1_287' title='bbox 854 3709 1041 3773; x_wconf 89' lang='lat' dir='ltr'><strong>camerarius</strong></span> <span class='ocrx_word' id='word_1_288' title='bbox 1059 3707 1096 3774; x_wconf 91' lang='lat' dir='ltr'><strong>de</strong></span> <span class='ocrx_word' id='word_1_289' title='bbox 1113 3708 1249 3790; x_wconf 89' lang='lat' dir='ltr'><strong>capitulo</strong></span> <span class='ocrx_word' id='word_1_290' title='bbox 1268 3707 1398 3790; x_wconf 87' lang='lat' dir='ltr'><strong>recipiat</strong></span> 
     </span>
     <span class='ocr_line' id='line_1_35' title="bbox 150 3811 804 3896; baseline -0.005 -17"><span class='ocrx_word' id='word_1_291' title='bbox 150 3831 263 3896; x_wconf 84' lang='lat' dir='ltr'><strong>easque</strong></span> <span class='ocrx_word' id='word_1_292' title='bbox 283 3815 320 3877; x_wconf 91' lang='lat' dir='ltr'><strong>ut</strong></span> <span class='ocrx_word' id='word_1_293' title='bbox 341 3813 385 3876; x_wconf 90' lang='lat' dir='ltr'><strong>sic</strong></span> <span class='ocrx_word' id='word_1_294' title='bbox 407 3812 551 3896; x_wconf 87' lang='lat' dir='ltr'><strong>suppleat</strong></span> <span class='ocrx_word' id='word_1_295' title='bbox 572 3813 604 3877; x_wconf 91' lang='lat' dir='ltr'><strong>et</strong></span> <span class='ocrx_word' id='word_1_296' title='bbox 626 3811 804 3877; x_wconf 86' lang='lat' dir='ltr'><strong>distribuat.</strong></span> 
     </span>
    </p>

    <p class='ocr_par' dir='ltr' id='par_1_10' title="bbox 150 3915 1396 4211">
     <span class='ocr_line' id='line_1_36' title="bbox 255 3915 1396 4004; baseline -0.001 -23"><span class='ocrx_word' id='word_1_297' title='bbox 255 3917 284 4004; x_wconf 67' lang='lat'><strong>§-</strong></span> <span class='ocrx_word' id='word_1_298' title='bbox 306 3917 356 3981; x_wconf 85' lang='lat'><strong>22.</strong></span> <span class='ocrx_word' id='word_1_299' title='bbox 392 3915 472 3982; x_wconf 89' lang='lat' dir='ltr'><strong>Item</strong></span> <span class='ocrx_word' id='word_1_300' title='bbox 497 3915 578 4000; x_wconf 91' lang='lat' dir='ltr'><strong>quod</strong></span> <span class='ocrx_word' id='word_1_301' title='bbox 599 3915 711 3982; x_wconf 89' lang='lat' dir='ltr'><strong>missae</strong></span> <span class='ocrx_word' id='word_1_302' title='bbox 734 3918 789 3982; x_wconf 89' lang='lat' dir='ltr'><strong>aut</strong></span> <span class='ocrx_word' id='word_1_303' title='bbox 812 3916 940 4000; x_wconf 89' lang='lat' dir='ltr'><strong>vigiliae</strong></span> <span class='ocrx_word' id='word_1_304' title='bbox 968 3919 1023 3982; x_wconf 90' lang='lat' dir='ltr'><strong>eut</strong></span> <span class='ocrx_word' id='word_1_305' title='bbox 1045 3915 1256 3982; x_wconf 87' lang='lat' dir='ltr'><strong>anniversarie</strong></span> <span class='ocrx_word' id='word_1_306' title='bbox 1284 3916 1316 3980; x_wconf 93' lang='lat' dir='ltr'><strong>in</strong></span> <span class='ocrx_word' id='word_1_307' title='bbox 1348 3933 1396 3981; x_wconf 90' lang='lat' dir='ltr'><strong>re·</strong></span> 
     </span>
     <span class='ocr_line' id='line_1_37' title="bbox 150 4020 1396 4104; baseline -0.001 -17"><span class='ocrx_word' id='word_1_308' title='bbox 150 4021 289 4088; x_wconf 86' lang='lat' dir='ltr'><strong>medinm</strong></span> <span class='ocrx_word' id='word_1_309' title='bbox 313 4022 485 4086; x_wconf 88' lang='lat' dir='ltr'><strong>animamm</strong></span> <span class='ocrx_word' id='word_1_310' title='bbox 510 4020 594 4086; x_wconf 83' lang='lat' dir='ltr'><strong>lacta</strong></span> <span class='ocrx_word' id='word_1_311' title='bbox 611 4023 644 4086; x_wconf 91' lang='lat' dir='ltr'><strong>et</strong></span> <span class='ocrx_word' id='word_1_312' title='bbox 665 4021 809 4088; x_wconf 88' lang='lat' dir='ltr'><strong>ordinata</strong></span> <span class='ocrx_word' id='word_1_313' title='bbox 832 4021 1009 4086; x_wconf 86' lang='lat' dir='ltr'><strong>nullatenus</strong></span> <span class='ocrx_word' id='word_1_314' title='bbox 1025 4021 1234 4086; x_wconf 87' lang='lat' dir='ltr'><strong>obmittantur</strong></span> <span class='ocrx_word' id='word_1_315' title='bbox 1251 4037 1306 4086; x_wconf 90' lang='lat' dir='ltr'><strong>nec</strong></span> <span class='ocrx_word' id='word_1_316' title='bbox 1321 4039 1396 4104; x_wconf 92' lang='lat' dir='ltr'><strong>quo·</strong></span> 
     </span>
     <span class='ocr_line' id='line_1_38' title="bbox 150 4125 538 4211; baseline -0.018 -18"><span class='ocrx_word' id='word_1_317' title='bbox 150 4125 304 4211; x_wconf 89' lang='lat' dir='ltr'><strong>quomodo</strong></span> <span class='ocrx_word' id='word_1_318' title='bbox 326 4125 538 4210; x_wconf 87' lang='lat' dir='ltr'><strong>negligantur.</strong></span> 
     </span>
    </p>

    <p class='ocr_par' dir='ltr' id='par_1_11' title="bbox 150 4227 1399 4631">
     <span class='ocr_line' id='line_1_39' title="bbox 257 4227 1396 4314; baseline -0.001 -19"><span class='ocrx_word' id='word_1_319' title='bbox 257 4232 285 4314; x_wconf 64' lang='lat' dir='ltr'><strong>g.</strong></span> <span class='ocrx_word' id='word_1_320' title='bbox 309 4231 361 4295; x_wconf 83' lang='lat'><strong>23.</strong></span> <span class='ocrx_word' id='word_1_321' title='bbox 394 4229 474 4294; x_wconf 90' lang='lat' dir='ltr'><strong>Item</strong></span> <span class='ocrx_word' id='word_1_322' title='bbox 493 4227 573 4312; x_wconf 91' lang='lat' dir='ltr'><strong>quod</strong></span> <span class='ocrx_word' id='word_1_323' title='bbox 595 4227 770 4294; x_wconf 87' lang='lat' dir='ltr'><strong>huiusmodi</strong></span> <span class='ocrx_word' id='word_1_324' title='bbox 787 4229 959 4294; x_wconf 85' lang='lat' dir='ltr'><strong>animarum</strong></span> <span class='ocrx_word' id='word_1_325' title='bbox 977 4229 1114 4295; x_wconf 89' lang='lat' dir='ltr'><strong>remedia</strong></span> <span class='ocrx_word' id='word_1_326' title='bbox 1130 4248 1183 4313; x_wconf 92' lang='lat' dir='ltr'><strong>per</strong></span> <span class='ocrx_word' id='word_1_327' title='bbox 1197 4247 1396 4313; x_wconf 88' lang='lat' dir='ltr'><strong>quascunque</strong></span> 
     </span>
     <span class='ocr_line' id='line_1_40' title="bbox 150 4333 1397 4419; baseline 0.001 -22"><span class='ocrx_word' id='word_1_328' title='bbox 150 4351 297 4416; x_wconf 89' lang='lat' dir='ltr'><strong>personas</strong></span> <span class='ocrx_word' id='word_1_329' title='bbox 319 4334 357 4398; x_wconf 90' lang='lat' dir='ltr'><strong>de</strong></span> <span class='ocrx_word' id='word_1_330' title='bbox 376 4335 511 4419; x_wconf 91' lang='lat' dir='ltr'><strong>capitulo</strong></span> <span class='ocrx_word' id='word_1_331' title='bbox 534 4353 592 4400; x_wconf 92' lang='lat' dir='ltr'><strong>non</strong></span> <span class='ocrx_word' id='word_1_332' title='bbox 616 4336 791 4401; x_wconf 85' lang='lat' dir='ltr'><strong>alienentur</strong></span> <span class='ocrx_word' id='word_1_333' title='bbox 813 4337 868 4400; x_wconf 89' lang='lat' dir='ltr'><strong>aut</strong></span> <span class='ocrx_word' id='word_1_334' title='bbox 888 4334 1117 4418; x_wconf 90' lang='lat' dir='ltr'><strong>quomodolibet</strong></span> <span class='ocrx_word' id='word_1_335' title='bbox 1133 4335 1316 4412; x_wconf 84' lang='lat' dir='ltr'><strong>vendantur,</strong></span> <span class='ocrx_word' id='word_1_336' title='bbox 1338 4333 1397 4399; x_wconf 90' lang='lat' dir='ltr'><strong>uisi</strong></span> 
     </span>
     <span class='ocr_line' id='line_1_41' title="bbox 151 4435 1399 4524; baseline 0.001 -23"><span class='ocrx_word' id='word_1_337' title='bbox 151 4435 189 4502; x_wconf 92' lang='lat' dir='ltr'><strong>dc</strong></span> <span class='ocrx_word' id='word_1_338' title='bbox 212 4439 316 4503; x_wconf 87' lang='lat' dir='ltr'><strong>nostro</strong></span> <span class='ocrx_word' id='word_1_339' title='bbox 341 4457 487 4505; x_wconf 90' lang='lat' dir='ltr'><strong>consensu</strong></span> <span class='ocrx_word' id='word_1_340' title='bbox 509 4441 624 4523; x_wconf 87' lang='lat' dir='ltr'><strong>pariter</strong></span> <span class='ocrx_word' id='word_1_341' title='bbox 643 4457 769 4505; x_wconf 87' lang='lat' dir='ltr'><strong>assensn</strong></span> <span class='ocrx_word' id='word_1_342' title='bbox 792 4439 899 4504; x_wconf 87' lang='lat' dir='ltr'><strong>decani</strong></span> <span class='ocrx_word' id='word_1_343' title='bbox 917 4439 1078 4504; x_wconf 89' lang='lat' dir='ltr'><strong>camerarii</strong></span> <span class='ocrx_word' id='word_1_344' title='bbox 1098 4439 1226 4521; x_wconf 81' lang='lat' dir='ltr'><strong>capituli</strong></span> <span class='ocrx_word' id='word_1_345' title='bbox 1241 4439 1300 4502; x_wconf 90' lang='lat' dir='ltr'><strong>snb</strong></span> <span class='ocrx_word' id='word_1_346' title='bbox 1316 4455 1399 4524; x_wconf 84' lang='lat' dir='ltr'><strong>pena</strong></span> 
     </span>
     <span class='ocr_line' id='line_1_42' title="bbox 151 4543 773 4631; baseline 0.014 -28"><span class='ocrx_word' id='word_1_347' title='bbox 151 4543 423 4631; x_wconf 86' lang='lat' dir='ltr'><strong>praevaricationis</strong></span> <span class='ocrx_word' id='word_1_348' title='bbox 447 4543 575 4628; x_wconf 85' lang='lat' dir='ltr'><strong>capituli</strong></span> <span class='ocrx_word' id='word_1_349' title='bbox 599 4544 773 4630; x_wconf 86' lang='lat' dir='ltr'><strong>praelibati.</strong></span> 
     </span>
    </p>
   </div>
   <div class='ocr_carea' id='block_1_3' title="bbox 0 0 1605 4776">
    <p class='ocr_par' dir='ltr' id='par_1_12' title="bbox 0 0 1605 4776">
     <span class='ocr_line' id='line_1_43' title="bbox 0 0 1605 4776; baseline 0 0"><span class='ocrx_word' id='word_1_350' title='bbox 0 0 1605 4776; x_wconf 95' lang='lat' dir='ltr'><strong> </strong></span> 
     </span>
    </p>
   </div>
  </div>
 </body>
</html>
