<?xml version="1.0" encoding="UTF-8"?>
<!DOCTYPE html PUBLIC "-//W3C//DTD XHTML 1.0 Transitional//EN"
    "http://www.w3.org/TR/xhtml1/DTD/xhtml1-transitional.dtd">
<html xmlns="http://www.w3.org/1999/xhtml" xml:lang="en" lang="en">
 <head>
  <title>
</title>
<meta http-equiv="Content-Type" content="text/html;charset=utf-8" />
  <meta name='ocr-system' content='tesseract 3.04.00' />
  <meta name='ocr-capabilities' content='ocr_page ocr_carea ocr_par ocr_line ocrx_word'/>
</head>
<body>
  <div class='ocr_page' id='page_1' title='image "./archivfrkatholi01unkngoog_0179.png"; bbox 0 0 3208 4768; ppageno 0'>
   <div class='ocr_carea' id='block_1_1' title="bbox 204 181 1443 275">
    <p class='ocr_par' dir='ltr' id='par_1_1' title="bbox 204 181 1443 275">
     <span class='ocr_line' id='line_1_1' title="bbox 204 181 1443 275; baseline 0.004 -20"><span class='ocrx_word' id='word_1_1' title='bbox 204 181 268 249; x_wconf 74' lang='grc'>174</span> <span class='ocrx_word' id='word_1_2' title='bbox 310 201 370 256; x_wconf 73' lang='lat' dir='ltr'>bil.</span> <span class='ocrx_word' id='word_1_3' title='bbox 389 202 469 257; x_wconf 82' lang='lat' dir='ltr'><strong><em>brev.</em></strong></span> <span class='ocrx_word' id='word_1_4' title='bbox 488 204 512 257; x_wconf 87' lang='lat'>1.</span> <span class='ocrx_word' id='word_1_5' title='bbox 532 203 611 274; x_wconf 80' lang='lat' dir='ltr'>Sept.</span> <span class='ocrx_word' id='word_1_6' title='bbox 630 202 703 258; x_wconf 83' lang='grc'><strong>1891</strong></span> <span class='ocrx_word' id='word_1_7' title='bbox 710 217 717 256; x_wconf 82' lang='grc' dir='ltr'>ι</span> <span class='ocrx_word' id='word_1_8' title='bbox 736 203 774 259; x_wconf 82' lang='lat' dir='ltr'>de</span> <span class='ocrx_word' id='word_1_9' title='bbox 792 205 887 259; x_wconf 73' lang='lat' dir='ltr'>altem</span> <span class='ocrx_word' id='word_1_10' title='bbox 907 203 976 259; x_wconf 84' lang='lat' dir='ltr'>bon.</span> <span class='ocrx_word' id='word_1_11' title='bbox 994 205 1092 274; x_wconf 80' lang='lat' dir='ltr'>repat.</span> <span class='ocrx_word' id='word_1_12' title='bbox 1108 204 1145 258; x_wconf 80' lang='lat' dir='ltr'>in</span> <span class='ocrx_word' id='word_1_13' title='bbox 1163 201 1267 260; x_wconf 71' lang='lat' dir='ltr'>ntuetr.</span> <span class='ocrx_word' id='word_1_14' title='bbox 1285 203 1359 274; x_wconf 82' lang='lat' dir='ltr'>imp.</span> <span class='ocrx_word' id='word_1_15' title='bbox 1376 221 1443 275; x_wconf 81' lang='lat' dir='ltr'>pos.</span> 
     </span>
    </p>
   </div>
   <div class='ocr_carea' id='block_1_2' title="bbox 202 357 1586 458">
    <p class='ocr_par' dir='ltr' id='par_1_2' title="bbox 202 357 1586 458">
     <span class='ocr_line' id='line_1_2' title="bbox 202 357 1586 458; baseline 0.003 -18"><span class='ocrx_word' id='word_1_16' title='bbox 202 375 358 440; x_wconf 85' lang='lat' dir='ltr'>fructuose</span> <span class='ocrx_word' id='word_1_17' title='bbox 380 371 546 439; x_wconf 73' lang='lat' dir='ltr'>collocetur</span> <span class='ocrx_word' id='word_1_18' title='bbox 568 373 739 439; x_wconf 86' lang='lat' dir='ltr'>rationibus</span> <span class='ocrx_word' id='word_1_19' title='bbox 762 374 901 457; x_wconf 89' lang='lat' dir='ltr'>superins</span> <span class='ocrx_word' id='word_1_20' title='bbox 924 375 1078 458; x_wconf 84' lang='lat' dir='ltr'>expositis.</span> <span class='ocrx_word' id='word_1_21' title='bbox 1121 374 1257 457; x_wconf 89' lang='lat' dir='ltr'>Quodsi</span> <span class='ocrx_word' id='word_1_22' title='bbox 1282 373 1443 442; x_wconf 84' lang='lat' dir='ltr'>vendenda</span> <span class='ocrx_word' id='word_1_23' title='bbox 1585 357 1586 444; x_wconf 54' lang='lat' dir='ltr'>J</span> 
     </span>
    </p>
   </div>
   <div class='ocr_carea' id='block_1_3' title="bbox 202 459 1445 978">
    <p class='ocr_par' dir='ltr' id='par_1_3' title="bbox 202 459 1445 978">
     <span class='ocr_line' id='line_1_3' title="bbox 203 459 1443 546; baseline 0.002 -20"><span class='ocrx_word' id='word_1_24' title='bbox 203 462 280 528; x_wconf 82' lang='lat' dir='ltr'>borna</span> <span class='ocrx_word' id='word_1_25' title='bbox 301 463 374 538; x_wconf 84' lang='lat' dir='ltr'>sint,</span> <span class='ocrx_word' id='word_1_26' title='bbox 397 459 445 525; x_wconf 85' lang='lat' dir='ltr'>vel</span> <span class='ocrx_word' id='word_1_27' title='bbox 461 479 554 526; x_wconf 90' lang='lat' dir='ltr'>onera</span> <span class='ocrx_word' id='word_1_28' title='bbox 569 461 679 526; x_wconf 89' lang='lat' dir='ltr'>iisdem</span> <span class='ocrx_word' id='word_1_29' title='bbox 695 459 891 545; x_wconf 81' lang='lat' dir='ltr'>imponenda,</span> <span class='ocrx_word' id='word_1_30' title='bbox 914 480 993 546; x_wconf 89' lang='lat' dir='ltr'>qnae</span> <span class='ocrx_word' id='word_1_31' title='bbox 1009 463 1141 545; x_wconf 91' lang='lat' dir='ltr'>pretinm</span> <span class='ocrx_word' id='word_1_32' title='bbox 1157 462 1287 527; x_wconf 77' lang='lat' dir='ltr'>exedant</span> <span class='ocrx_word' id='word_1_33' title='bbox 1302 463 1443 545; x_wconf 87' lang='lat' dir='ltr'>superins</span> 
     </span>
     <span class='ocr_line' id='line_1_4' title="bbox 202 547 1444 632; baseline 0.002 -19"><span class='ocrx_word' id='word_1_34' title='bbox 202 547 381 625; x_wconf 83' lang='lat' dir='ltr'>delinitum,</span> <span class='ocrx_word' id='word_1_35' title='bbox 412 566 446 613; x_wconf 91' lang='lat' dir='ltr'>ee</span> <span class='ocrx_word' id='word_1_36' title='bbox 478 547 510 612; x_wconf 93' lang='lat' dir='ltr'>iu</span> <span class='ocrx_word' id='word_1_37' title='bbox 541 566 615 612; x_wconf 89' lang='lat' dir='ltr'>casu</span> <span class='ocrx_word' id='word_1_38' title='bbox 644 549 801 632; x_wconf 81' lang='lat' dir='ltr'><strong>regulares</strong></span> <span class='ocrx_word' id='word_1_39' title='bbox 833 567 904 613; x_wconf 90' lang='lat' dir='ltr'>snas</span> <span class='ocrx_word' id='word_1_40' title='bbox 933 547 1051 614; x_wconf 89' lang='lat' dir='ltr'>deterre</span> <span class='ocrx_word' id='word_1_41' title='bbox 1080 567 1183 632; x_wconf 89' lang='lat' dir='ltr'>preces</span> <span class='ocrx_word' id='word_1_42' title='bbox 1212 548 1369 615; x_wconf 88' lang='lat' dir='ltr'>debebunt</span> <span class='ocrx_word' id='word_1_43' title='bbox 1396 552 1444 615; x_wconf 90' lang='lat' dir='ltr'>vel</span> 
     </span>
     <span class='ocr_line' id='line_1_5' title="bbox 204 633 1444 719; baseline 0.002 -20"><span class='ocrx_word' id='word_1_44' title='bbox 204 637 319 700; x_wconf 88' lang='lat' dir='ltr'>directe</span> <span class='ocrx_word' id='word_1_45' title='bbox 341 635 380 700; x_wconf 91' lang='lat' dir='ltr'>ad</span> <span class='ocrx_word' id='word_1_46' title='bbox 402 633 432 699; x_wconf 93' lang='lat' dir='ltr'>S.</span> <span class='ocrx_word' id='word_1_47' title='bbox 456 634 585 712; x_wconf 79' lang='lat' dir='ltr'>Senem,</span> <span class='ocrx_word' id='word_1_48' title='bbox 610 636 657 700; x_wconf 86' lang='lat' dir='ltr'>vel</span> <span class='ocrx_word' id='word_1_49' title='bbox 681 635 720 700; x_wconf 92' lang='lat' dir='ltr'>ad</span> <span class='ocrx_word' id='word_1_50' title='bbox 745 635 897 700; x_wconf 81' lang='lat' dir='ltr'><strong>Nuntium</strong></span> <span class='ocrx_word' id='word_1_51' title='bbox 922 635 1148 718; x_wconf 72' lang='lat' dir='ltr'>apostolicum,</span> <span class='ocrx_word' id='word_1_52' title='bbox 1174 637 1223 700; x_wconf 92' lang='lat' dir='ltr'>cni</span> <span class='ocrx_word' id='word_1_53' title='bbox 1247 636 1371 719; x_wconf 80' lang='lat' dir='ltr'>proinde</span> <span class='ocrx_word' id='word_1_54' title='bbox 1395 637 1444 702; x_wconf 92' lang='lat' dir='ltr'>l·</span> 
     </span>
     <span class='ocr_line' id='line_1_6' title="bbox 202 721 1442 805; baseline 0 -17"><span class='ocrx_word' id='word_1_55' title='bbox 202 723 352 788; x_wconf 90' lang='lat' dir='ltr'>cultatem</span> <span class='ocrx_word' id='word_1_56' title='bbox 376 722 506 786; x_wconf 85' lang='lat' dir='ltr'>facimus</span> <span class='ocrx_word' id='word_1_57' title='bbox 530 722 658 805; x_wconf 86' lang='lat' dir='ltr'>petitam</span> <span class='ocrx_word' id='word_1_58' title='bbox 683 722 805 787; x_wconf 88' lang='lat' dir='ltr'>veniam</span> <span class='ocrx_word' id='word_1_59' title='bbox 826 721 1029 800; x_wconf 84' lang='lat' dir='ltr'>concedendi,</span> <span class='ocrx_word' id='word_1_60' title='bbox 1062 722 1088 787; x_wconf 90' lang='lat' dir='ltr'>si</span> <span class='ocrx_word' id='word_1_61' title='bbox 1111 723 1168 788; x_wconf 92' lang='lat' dir='ltr'>hec</span> <span class='ocrx_word' id='word_1_62' title='bbox 1190 723 1221 788; x_wconf 94' lang='lat' dir='ltr'>io</span> <span class='ocrx_word' id='word_1_63' title='bbox 1245 722 1368 789; x_wconf 90' lang='lat' dir='ltr'>demine</span> <span class='ocrx_word' id='word_1_64' title='bbox 1391 742 1442 790; x_wconf 86' lang='lat' dir='ltr'>ex-</span> 
     </span>
     <span class='ocr_line' id='line_1_7' title="bbox 203 807 1445 894; baseline 0 -20"><span class='ocrx_word' id='word_1_65' title='bbox 203 809 306 894; x_wconf 92' lang='lat' dir='ltr'>pedire</span> <span class='ocrx_word' id='word_1_66' title='bbox 326 807 522 894; x_wconf 88' lang='lat' dir='ltr'>judicaverit.</span> <span class='ocrx_word' id='word_1_67' title='bbox 553 845 591 856; x_wconf 91' lang='lat'>-</span> <span class='ocrx_word' id='word_1_68' title='bbox 621 808 679 875; x_wconf 92' lang='lat' dir='ltr'>Ill.</span> <span class='ocrx_word' id='word_1_69' title='bbox 702 808 814 874; x_wconf 77' lang='lat' dir='ltr'>llirmis</span> <span class='ocrx_word' id='word_1_70' title='bbox 837 809 1033 874; x_wconf 89' lang='lat' dir='ltr'>manentibus</span> <span class='ocrx_word' id='word_1_71' title='bbox 1055 809 1218 874; x_wconf 85' lang='lat' dir='ltr'>ordinariis</span> <span class='ocrx_word' id='word_1_72' title='bbox 1241 808 1445 875; x_wconf 80' lang='lat' dir='ltr'>facultatibus</span> 
     </span>
     <span class='ocr_line' id='line_1_8' title="bbox 203 894 1444 978; baseline 0 -18"><span class='ocrx_word' id='word_1_73' title='bbox 203 915 366 963; x_wconf 90' lang='lat' dir='ltr'>causarum</span> <span class='ocrx_word' id='word_1_74' title='bbox 388 896 506 978; x_wconf 91' lang='lat' dir='ltr'>piarum</span> <span class='ocrx_word' id='word_1_75' title='bbox 529 914 582 977; x_wconf 90' lang='lat' dir='ltr'>pre</span> <span class='ocrx_word' id='word_1_76' title='bbox 596 894 739 960; x_wconf 74' lang='lat' dir='ltr'>ineundis</span> <span class='ocrx_word' id='word_1_77' title='bbox 754 894 958 961; x_wconf 78' lang='lat' dir='ltr'>locationibus</span> <span class='ocrx_word' id='word_1_78' title='bbox 974 900 1006 960; x_wconf 92' lang='lat' dir='ltr'>et</span> <span class='ocrx_word' id='word_1_79' title='bbox 1021 895 1274 962; x_wconf 90' lang='lat' dir='ltr'>conductionibus</span> <span class='ocrx_word' id='word_1_80' title='bbox 1290 895 1329 961; x_wconf 89' lang='lat' dir='ltr'>ad</span> <span class='ocrx_word' id='word_1_81' title='bbox 1347 897 1444 962; x_wconf 89' lang='lat' dir='ltr'>trisu-</span> 
     </span>
    </p>
   </div>
   <div class='ocr_carea' id='block_1_4' title="bbox 204 981 1586 1066">
    <p class='ocr_par' dir='ltr' id='par_1_4' title="bbox 204 981 1586 1066">
     <span class='ocr_line' id='line_1_9' title="bbox 204 981 1586 1066; baseline 0.004 -18"><span class='ocrx_word' id='word_1_82' title='bbox 204 983 289 1048; x_wconf 90' lang='lat' dir='ltr'>nium</span> <span class='ocrx_word' id='word_1_83' title='bbox 312 981 497 1047; x_wconf 86' lang='lat' dir='ltr'>concedendi</span> <span class='ocrx_word' id='word_1_84' title='bbox 522 981 700 1048; x_wconf 72' lang='lat' dir='ltr'>facultatem</span> <span class='ocrx_word' id='word_1_85' title='bbox 724 982 892 1048; x_wconf 88' lang='lat' dir='ltr'>locationes</span> <span class='ocrx_word' id='word_1_86' title='bbox 914 985 946 1048; x_wconf 91' lang='lat' dir='ltr'>et</span> <span class='ocrx_word' id='word_1_87' title='bbox 969 982 1186 1048; x_wconf 90' lang='lat' dir='ltr'>conductiones</span> <span class='ocrx_word' id='word_1_88' title='bbox 1213 982 1295 1066; x_wconf 87' lang='lat' dir='ltr'>ipsas</span> <span class='ocrx_word' id='word_1_89' title='bbox 1319 983 1446 1048; x_wconf 89' lang='lat' dir='ltr'>ineundi</span> <span class='ocrx_word' id='word_1_90' title='bbox 1585 1049 1586 1054; x_wconf 75' lang='grc'>,</span> 
     </span>
    </p>
   </div>
   <div class='ocr_carea' id='block_1_5' title="bbox 203 1068 1447 1762">
    <p class='ocr_par' dir='ltr' id='par_1_5' title="bbox 203 1068 1447 1762">
     <span class='ocr_line' id='line_1_10' title="bbox 203 1068 1443 1154; baseline 0 -18"><span class='ocrx_word' id='word_1_91' title='bbox 203 1071 242 1136; x_wconf 91' lang='lat' dir='ltr'>ad</span> <span class='ocrx_word' id='word_1_92' title='bbox 265 1069 438 1152; x_wconf 88' lang='lat' dir='ltr'>quindecim</span> <span class='ocrx_word' id='word_1_93' title='bbox 462 1087 567 1147; x_wconf 78' lang='lat' dir='ltr'>annes,</span> <span class='ocrx_word' id='word_1_94' title='bbox 591 1069 721 1134; x_wconf 85' lang='lat' dir='ltr'>servatis</span> <span class='ocrx_word' id='word_1_95' title='bbox 743 1070 823 1152; x_wconf 89' lang='lat' dir='ltr'>qnod</span> <span class='ocrx_word' id='word_1_96' title='bbox 848 1069 887 1134; x_wconf 92' lang='lat' dir='ltr'>ad</span> <span class='ocrx_word' id='word_1_97' title='bbox 910 1068 1029 1154; x_wconf 89' lang='lat' dir='ltr'>reliqua</span> <span class='ocrx_word' id='word_1_98' title='bbox 1051 1069 1206 1134; x_wconf 88' lang='lat' dir='ltr'>canonicis</span> <span class='ocrx_word' id='word_1_99' title='bbox 1223 1070 1443 1153; x_wconf 88' lang='lat' dir='ltr'>praescriptio-</span> 
     </span>
     <span class='ocr_line' id='line_1_11' title="bbox 204 1154 1446 1240; baseline 0.001 -19"><span class='ocrx_word' id='word_1_100' title='bbox 204 1158 304 1224; x_wconf 86' lang='lat' dir='ltr'>nibus.</span> <span class='ocrx_word' id='word_1_101' title='bbox 336 1155 385 1222; x_wconf 86' lang='lat' dir='ltr'>ad</span> <span class='ocrx_word' id='word_1_102' title='bbox 407 1154 547 1224; x_wconf 79' lang='lat' dir='ltr'>uitandus</span> <span class='ocrx_word' id='word_1_103' title='bbox 563 1159 668 1221; x_wconf 90' lang='lat' dir='ltr'>antem</span> <span class='ocrx_word' id='word_1_104' title='bbox 684 1157 799 1222; x_wconf 86' lang='lat' dir='ltr'>abusus</span> <span class='ocrx_word' id='word_1_105' title='bbox 813 1156 985 1232; x_wconf 80' lang='lat' dir='ltr'>nonnullos,</span> <span class='ocrx_word' id='word_1_106' title='bbox 1008 1158 1040 1223; x_wconf 90' lang='lat' dir='ltr'>et</span> <span class='ocrx_word' id='word_1_107' title='bbox 1054 1155 1323 1223; x_wconf 87' lang='lat' dir='ltr'>obsecundandum</span> <span class='ocrx_word' id='word_1_108' title='bbox 1339 1157 1446 1240; x_wconf 85' lang='lat' dir='ltr'>aliqua</span> 
     </span>
     <span class='ocr_line' id='line_1_12' title="bbox 205 1242 1446 1326; baseline 0 -18"><span class='ocrx_word' id='word_1_109' title='bbox 205 1243 323 1309; x_wconf 89' lang='lat' dir='ltr'>ratione</span> <span class='ocrx_word' id='word_1_110' title='bbox 345 1242 565 1308; x_wconf 88' lang='lat' dir='ltr'>consuetudine</span> <span class='ocrx_word' id='word_1_111' title='bbox 587 1259 666 1324; x_wconf 82' lang='lat' dir='ltr'>quae</span> <span class='ocrx_word' id='word_1_112' title='bbox 689 1242 720 1307; x_wconf 93' lang='lat' dir='ltr'>iu</span> <span class='ocrx_word' id='word_1_113' title='bbox 745 1243 908 1307; x_wconf 70' lang='lat' dir='ltr'>lustriaco</span> <span class='ocrx_word' id='word_1_114' title='bbox 930 1243 1059 1326; x_wconf 89' lang='lat' dir='ltr'>imperio</span> <span class='ocrx_word' id='word_1_115' title='bbox 1078 1242 1220 1322; x_wconf 84' lang='lat' dir='ltr'>invaluit,</span> <span class='ocrx_word' id='word_1_116' title='bbox 1245 1246 1281 1308; x_wconf 93' lang='grc' dir='ltr'>ιιι</span> <span class='ocrx_word' id='word_1_117' title='bbox 1297 1244 1446 1310; x_wconf 90' lang='lat' dir='ltr'>bonorum</span> 
     </span>
     <span class='ocr_line' id='line_1_13' title="bbox 204 1328 1446 1413; baseline 0 -18"><span class='ocrx_word' id='word_1_118' title='bbox 204 1329 482 1396; x_wconf 89' lang='lat' dir='ltr'>ecclesiasticorum</span> <span class='ocrx_word' id='word_1_119' title='bbox 503 1347 708 1413; x_wconf 84' lang='lat' dir='ltr'>possessores,</span> <span class='ocrx_word' id='word_1_120' title='bbox 732 1348 750 1394; x_wconf 96' lang='lat' dir='ltr'>a</span> <span class='ocrx_word' id='word_1_121' title='bbox 771 1328 950 1413; x_wconf 89' lang='lat' dir='ltr'>respectiris</span> <span class='ocrx_word' id='word_1_122' title='bbox 973 1329 1210 1395; x_wconf 87' lang='lat' dir='ltr'>conductoribus</span> <span class='ocrx_word' id='word_1_123' title='bbox 1233 1329 1365 1409; x_wconf 83' lang='lat' dir='ltr'>reditus,</span> <span class='ocrx_word' id='word_1_124' title='bbox 1390 1349 1446 1396; x_wconf 91' lang='lat' dir='ltr'>seu</span> 
     </span>
     <span class='ocr_line' id='line_1_14' title="bbox 204 1414 1445 1502; baseline 0.002 -22"><span class='ocrx_word' id='word_1_125' title='bbox 204 1417 428 1502; x_wconf 79' lang='lat' dir='ltr'>praestationes</span> <span class='ocrx_word' id='word_1_126' title='bbox 451 1415 613 1500; x_wconf 79' lang='lat' dir='ltr'>accipiant,</span> <span class='ocrx_word' id='word_1_127' title='bbox 636 1414 820 1480; x_wconf 79' lang='lat' dir='ltr'>facultatem</span> <span class='ocrx_word' id='word_1_128' title='bbox 837 1415 1021 1481; x_wconf 83' lang='lat' dir='ltr'>corncedendi</span> <span class='ocrx_word' id='word_1_129' title='bbox 1037 1417 1155 1481; x_wconf 90' lang='lat' dir='ltr'>reditus</span> <span class='ocrx_word' id='word_1_130' title='bbox 1171 1417 1262 1500; x_wconf 84' lang='lat' dir='ltr'>ipsos,</span> <span class='ocrx_word' id='word_1_131' title='bbox 1286 1435 1339 1482; x_wconf 90' lang='lat' dir='ltr'>sen</span> <span class='ocrx_word' id='word_1_132' title='bbox 1357 1436 1445 1500; x_wconf 89' lang='lat' dir='ltr'>prae·</span> 
     </span>
     <span class='ocr_line' id='line_1_15' title="bbox 204 1503 1446 1586; baseline 0.001 -18"><span class='ocrx_word' id='word_1_133' title='bbox 204 1504 353 1568; x_wconf 90' lang='lat' dir='ltr'>stationes</span> <span class='ocrx_word' id='word_1_134' title='bbox 375 1503 562 1586; x_wconf 88' lang='lat' dir='ltr'>percipiendi</span> <span class='ocrx_word' id='word_1_135' title='bbox 584 1503 614 1566; x_wconf 93' lang='lat' dir='ltr'>in</span> <span class='ocrx_word' id='word_1_136' title='bbox 639 1503 830 1568; x_wconf 84' lang='lat' dir='ltr'>antecessum</span> <span class='ocrx_word' id='word_1_137' title='bbox 854 1503 899 1568; x_wconf 91' lang='lat' dir='ltr'>ita</span> <span class='ocrx_word' id='word_1_138' title='bbox 920 1505 1035 1579; x_wconf 86' lang='lat' dir='ltr'>tamen,</span> <span class='ocrx_word' id='word_1_139' title='bbox 1059 1506 1093 1569; x_wconf 91' lang='lat' dir='ltr'>ut</span> <span class='ocrx_word' id='word_1_140' title='bbox 1115 1504 1190 1568; x_wconf 86' lang='lat' dir='ltr'>illae</span> <span class='ocrx_word' id='word_1_141' title='bbox 1212 1503 1314 1586; x_wconf 89' lang='lat' dir='ltr'>quoad</span> <span class='ocrx_word' id='word_1_142' title='bbox 1336 1503 1446 1570; x_wconf 89' lang='lat' dir='ltr'>londes</span> 
     </span>
     <span class='ocr_line' id='line_1_16' title="bbox 205 1589 1447 1674; baseline 0.001 -18"><span class='ocrx_word' id='word_1_143' title='bbox 205 1591 337 1656; x_wconf 89' lang='lat' dir='ltr'>urbanos</span> <span class='ocrx_word' id='word_1_144' title='bbox 360 1609 420 1655; x_wconf 90' lang='lat' dir='ltr'>uon</span> <span class='ocrx_word' id='word_1_145' title='bbox 443 1590 591 1654; x_wconf 86' lang='lat' dir='ltr'>excedant</span> <span class='ocrx_word' id='word_1_146' title='bbox 612 1607 776 1666; x_wconf 82' lang='lat' dir='ltr'>summam,</span> <span class='ocrx_word' id='word_1_147' title='bbox 798 1608 876 1673; x_wconf 87' lang='lat' dir='ltr'>quae</span> <span class='ocrx_word' id='word_1_148' title='bbox 898 1589 928 1653; x_wconf 94' lang='lat' dir='ltr'>in</span> <span class='ocrx_word' id='word_1_149' title='bbox 952 1591 1093 1655; x_wconf 81' lang='lat' dir='ltr'>semestri</span> <span class='ocrx_word' id='word_1_150' title='bbox 1112 1589 1212 1674; x_wconf 90' lang='lat' dir='ltr'>spatie</span> <span class='ocrx_word' id='word_1_151' title='bbox 1227 1610 1246 1655; x_wconf 92' lang='lat' dir='ltr'>a</span> <span class='ocrx_word' id='word_1_152' title='bbox 1261 1590 1447 1658; x_wconf 88' lang='lat' dir='ltr'>conductore</span> 
     </span>
     <span class='ocr_line' id='line_1_17' title="bbox 205 1675 1445 1762; baseline -0.002 -18"><span class='ocrx_word' id='word_1_153' title='bbox 205 1676 404 1762; x_wconf 88' lang='lat' dir='ltr'>persolvenda</span> <span class='ocrx_word' id='word_1_154' title='bbox 428 1677 488 1753; x_wconf 86' lang='lat' dir='ltr'>sit;</span> <span class='ocrx_word' id='word_1_155' title='bbox 512 1675 592 1760; x_wconf 90' lang='lat' dir='ltr'>quod</span> <span class='ocrx_word' id='word_1_156' title='bbox 616 1694 685 1742; x_wconf 86' lang='lat' dir='ltr'>nere</span> <span class='ocrx_word' id='word_1_157' title='bbox 707 1677 827 1759; x_wconf 89' lang='lat' dir='ltr'>spectat</span> <span class='ocrx_word' id='word_1_158' title='bbox 849 1675 888 1741; x_wconf 90' lang='lat' dir='ltr'>ad</span> <span class='ocrx_word' id='word_1_159' title='bbox 912 1677 990 1741; x_wconf 89' lang='lat' dir='ltr'>bena</span> <span class='ocrx_word' id='word_1_160' title='bbox 1012 1677 1148 1754; x_wconf 77' lang='lat' dir='ltr'>rustica,</span> <span class='ocrx_word' id='word_1_161' title='bbox 1172 1676 1336 1742; x_wconf 88' lang='lat' dir='ltr'>dummodo</span> <span class='ocrx_word' id='word_1_162' title='bbox 1359 1696 1445 1743; x_wconf 90' lang='lat' dir='ltr'>sum·</span> 
     </span>
    </p>
   </div>
   <div class='ocr_carea' id='block_1_6' title="bbox 205 1743 1586 1934">
    <p class='ocr_par' dir='ltr' id='par_1_6' title="bbox 205 1743 1586 1934">
     <span class='ocr_line' id='line_1_18' title="bbox 205 1743 1586 1848; baseline -0.001 -20"><span class='ocrx_word' id='word_1_163' title='bbox 205 1783 288 1828; x_wconf 89' lang='lat' dir='ltr'>mam</span> <span class='ocrx_word' id='word_1_164' title='bbox 311 1782 370 1828; x_wconf 90' lang='lat' dir='ltr'>neu</span> <span class='ocrx_word' id='word_1_165' title='bbox 394 1761 686 1848; x_wconf 81' lang='lat' dir='ltr'>praetergrediatur,</span> <span class='ocrx_word' id='word_1_166' title='bbox 710 1781 787 1848; x_wconf 91' lang='lat' dir='ltr'>qnae</span> <span class='ocrx_word' id='word_1_167' title='bbox 813 1781 831 1827; x_wconf 95' lang='lat' dir='ltr'>a</span> <span class='ocrx_word' id='word_1_168' title='bbox 853 1762 1037 1828; x_wconf 89' lang='lat' dir='ltr'>condoctore</span> <span class='ocrx_word' id='word_1_169' title='bbox 1062 1783 1114 1846; x_wconf 93' lang='lat' dir='ltr'>per</span> <span class='ocrx_word' id='word_1_170' title='bbox 1137 1764 1209 1828; x_wconf 90' lang='lat' dir='ltr'>anui</span> <span class='ocrx_word' id='word_1_171' title='bbox 1224 1765 1358 1847; x_wconf 89' lang='lat' dir='ltr'>spatium</span> <span class='ocrx_word' id='word_1_172' title='bbox 1377 1783 1446 1847; x_wconf 89' lang='lat' dir='ltr'>per·</span> <span class='ocrx_word' id='word_1_173' title='bbox 1585 1743 1586 1766; x_wconf 21' lang='grc'><strong>1</strong></span> 
     </span>
     <span class='ocr_line' id='line_1_19' title="bbox 205 1848 1586 1934; baseline 0.001 -18"><span class='ocrx_word' id='word_1_174' title='bbox 205 1851 354 1916; x_wconf 84' lang='lat' dir='ltr'>solvatur.</span> <span class='ocrx_word' id='word_1_175' title='bbox 379 1887 416 1898; x_wconf 91' lang='lat'>—</span> <span class='ocrx_word' id='word_1_176' title='bbox 445 1848 500 1916; x_wconf 82' lang='lat' dir='ltr'>lv.</span> <span class='ocrx_word' id='word_1_177' title='bbox 524 1848 559 1915; x_wconf 90' lang='lat' dir='ltr'>ln</span> <span class='ocrx_word' id='word_1_178' title='bbox 582 1849 705 1914; x_wconf 88' lang='lat' dir='ltr'>casibus</span> <span class='ocrx_word' id='word_1_179' title='bbox 729 1849 869 1933; x_wconf 82' lang='lat' dir='ltr'>argentis</span> <span class='ocrx_word' id='word_1_180' title='bbox 892 1849 1085 1916; x_wconf 89' lang='lat' dir='ltr'>necessitatis</span> <span class='ocrx_word' id='word_1_181' title='bbox 1108 1853 1201 1934; x_wconf 86' lang='lat' dir='ltr'>atque</span> <span class='ocrx_word' id='word_1_182' title='bbox 1225 1850 1374 1916; x_wconf 84' lang='lat' dir='ltr'>utilitatis</span> <span class='ocrx_word' id='word_1_183' title='bbox 1398 1869 1446 1915; x_wconf 93' lang='lat' dir='ltr'>re·</span> <span class='ocrx_word' id='word_1_184' title='bbox 1585 1901 1586 1918; x_wconf 74' lang='grc'><strong>.</strong></span> 
     </span>
    </p>
   </div>
   <div class='ocr_carea' id='block_1_7' title="bbox 206 1935 1445 2021">
    <p class='ocr_par' dir='ltr' id='par_1_7' title="bbox 206 1935 1445 2021">
     <span class='ocr_line' id='line_1_20' title="bbox 206 1935 1445 2021; baseline 0 -19"><span class='ocrx_word' id='word_1_185' title='bbox 206 1937 334 2021; x_wconf 85' lang='lat' dir='ltr'>ligiosae</span> <span class='ocrx_word' id='word_1_186' title='bbox 359 1935 506 2001; x_wconf 76' lang='lat' dir='ltr'>Familiae</span> <span class='ocrx_word' id='word_1_187' title='bbox 529 1936 560 1999; x_wconf 92' lang='lat' dir='ltr'>in</span> <span class='ocrx_word' id='word_1_188' title='bbox 584 1936 696 2020; x_wconf 89' lang='lat' dir='ltr'>quibus</span> <span class='ocrx_word' id='word_1_189' title='bbox 714 1935 752 2001; x_wconf 91' lang='lat' dir='ltr'>ad</span> <span class='ocrx_word' id='word_1_190' title='bbox 770 1936 985 2002; x_wconf 83' lang='lat' dir='ltr'>alienationem</span> <span class='ocrx_word' id='word_1_191' title='bbox 1005 1955 1059 2001; x_wconf 90' lang='lat' dir='ltr'>seu</span> <span class='ocrx_word' id='word_1_192' title='bbox 1074 1955 1199 2002; x_wconf 86' lang='lat' dir='ltr'>enarum</span> <span class='ocrx_word' id='word_1_193' title='bbox 1217 1936 1445 2020; x_wconf 85' lang='lat' dir='ltr'>impositionem</span> 
     </span>
    </p>
   </div>
   <div class='ocr_carea' id='block_1_8' title="bbox 206 2022 1449 2108">
    <p class='ocr_par' dir='ltr' id='par_1_8' title="bbox 206 2003 1586 2112">
     <span class='ocr_line' id='line_1_21' title="bbox 206 2022 1449 2108; baseline -0.001 -19"><span class='ocrx_word' id='word_1_194' title='bbox 206 2025 272 2090; x_wconf 92' lang='lat' dir='ltr'>sine</span> <span class='ocrx_word' id='word_1_195' title='bbox 298 2041 383 2089; x_wconf 89' lang='lat' dir='ltr'>mera</span> <span class='ocrx_word' id='word_1_196' title='bbox 404 2022 626 2088; x_wconf 81' lang='lat' dir='ltr'>deveniendum</span> <span class='ocrx_word' id='word_1_197' title='bbox 648 2022 707 2101; x_wconf 80' lang='lat' dir='ltr'>sit,</span> <span class='ocrx_word' id='word_1_198' title='bbox 741 2022 921 2088; x_wconf 80' lang='lat' dir='ltr'>facultatem</span> <span class='ocrx_word' id='word_1_199' title='bbox 953 2022 1104 2108; x_wconf 84' lang='lat' dir='ltr'>largimur</span> <span class='ocrx_word' id='word_1_200' title='bbox 1128 2024 1243 2108; x_wconf 90' lang='lat' dir='ltr'>absque</span> <span class='ocrx_word' id='word_1_201' title='bbox 1267 2023 1449 2108; x_wconf 84' lang='lat' dir='ltr'>praefinitae</span> 
     </span>
    </p>
   </div>
   <div class='ocr_carea' id='block_1_9' title="bbox 206 2109 1452 2630">
    <p class='ocr_par' dir='ltr' id='par_1_9' title="bbox 206 2109 1452 2630">
     <span class='ocr_line' id='line_1_22' title="bbox 206 2109 1449 2194; baseline 0.001 -20"><span class='ocrx_word' id='word_1_202' title='bbox 206 2111 354 2194; x_wconf 88' lang='lat' dir='ltr'>pecuniae</span> <span class='ocrx_word' id='word_1_203' title='bbox 373 2128 495 2175; x_wconf 91' lang='lat' dir='ltr'>summa</span> <span class='ocrx_word' id='word_1_204' title='bbox 511 2109 728 2175; x_wconf 87' lang='lat' dir='ltr'>alienationem</span> <span class='ocrx_word' id='word_1_205' title='bbox 746 2109 932 2193; x_wconf 84' lang='lat' dir='ltr'>perficiendi,</span> <span class='ocrx_word' id='word_1_206' title='bbox 953 2110 1000 2174; x_wconf 90' lang='lat' dir='ltr'>rel</span> <span class='ocrx_word' id='word_1_207' title='bbox 1016 2129 1068 2175; x_wconf 92' lang='lat' dir='ltr'>aes</span> <span class='ocrx_word' id='word_1_208' title='bbox 1084 2110 1218 2175; x_wconf 89' lang='lat' dir='ltr'>alienum</span> <span class='ocrx_word' id='word_1_209' title='bbox 1235 2109 1449 2192; x_wconf 89' lang='lat' dir='ltr'>contrahendi,</span> 
     </span>
     <span class='ocr_line' id='line_1_23' title="bbox 208 2195 1450 2281; baseline -0.002 -18"><span class='ocrx_word' id='word_1_210' title='bbox 208 2216 247 2263; x_wconf 93' lang='lat' dir='ltr'>ea</span> <span class='ocrx_word' id='word_1_211' title='bbox 272 2201 376 2262; x_wconf 90' lang='lat' dir='ltr'>tamen</span> <span class='ocrx_word' id='word_1_212' title='bbox 400 2195 523 2281; x_wconf 88' lang='lat' dir='ltr'>adjecta</span> <span class='ocrx_word' id='word_1_213' title='bbox 544 2195 736 2273; x_wconf 84' lang='lat' dir='ltr'>conditione,</span> <span class='ocrx_word' id='word_1_214' title='bbox 765 2197 801 2260; x_wconf 91' lang='lat' dir='ltr'>ut</span> <span class='ocrx_word' id='word_1_215' title='bbox 829 2196 861 2261; x_wconf 90' lang='lat' dir='ltr'>in</span> <span class='ocrx_word' id='word_1_216' title='bbox 904 2199 1037 2262; x_wconf 91' lang='lat' dir='ltr'>osterum</span> <span class='ocrx_word' id='word_1_217' title='bbox 1063 2216 1100 2262; x_wconf 91' lang='lat' dir='ltr'>ea</span> <span class='ocrx_word' id='word_1_218' title='bbox 1120 2197 1157 2262; x_wconf 91' lang='lat' dir='ltr'>de</span> <span class='ocrx_word' id='word_1_219' title='bbox 1177 2216 1209 2262; x_wconf 88' lang='lat' dir='ltr'>re</span> <span class='ocrx_word' id='word_1_220' title='bbox 1234 2197 1273 2262; x_wconf 90' lang='lat' dir='ltr'>ad</span> <span class='ocrx_word' id='word_1_221' title='bbox 1295 2197 1450 2262; x_wconf 88' lang='lat' dir='ltr'>Nuntium</span> 
     </span>
     <span class='ocr_line' id='line_1_24' title="bbox 209 2217 1450 2368; baseline -0.002 -17"><span class='ocrx_word' id='word_1_222' title='bbox 209 2283 445 2368; x_wconf 83' lang='lat' dir='ltr'>Apostolieum‚</span> <span class='ocrx_word' id='word_1_223' title='bbox 487 2283 552 2348; x_wconf 90' lang='lat' dir='ltr'>sire</span> <span class='ocrx_word' id='word_1_224' title='bbox 588 2282 704 2348; x_wconf 91' lang='lat' dir='ltr'>directe</span> <span class='ocrx_word' id='word_1_225' title='bbox 738 2282 775 2346; x_wconf 88' lang='lat' dir='ltr'>ad</span> <span class='ocrx_word' id='word_1_226' title='bbox 813 2281 842 2348; x_wconf 87' lang='lat' dir='ltr'>S.</span> <span class='ocrx_word' id='word_1_227' title='bbox 877 2217 985 2348; x_wconf 61' lang='lat' dir='ltr'>Sedem</span> <span class='ocrx_word' id='word_1_228' title='bbox 1023 2283 1209 2368; x_wconf 84' lang='lat' dir='ltr'>singillatim</span> <span class='ocrx_word' id='word_1_229' title='bbox 1246 2287 1450 2366; x_wconf 84' lang='lat' dir='ltr'>accurateque</span> 
     </span>
     <span class='ocr_line' id='line_1_25' title="bbox 210 2369 1452 2455; baseline -0.001 -19"><span class='ocrx_word' id='word_1_230' title='bbox 210 2372 374 2437; x_wconf 77' lang='lat' dir='ltr'>celeratur.</span> <span class='ocrx_word' id='word_1_231' title='bbox 411 2370 504 2434; x_wconf 88' lang='lat' dir='ltr'>Perre</span> <span class='ocrx_word' id='word_1_232' title='bbox 526 2369 557 2434; x_wconf 94' lang='lat' dir='ltr'>iu</span> <span class='ocrx_word' id='word_1_233' title='bbox 577 2370 718 2434; x_wconf 88' lang='lat' dir='ltr'>omnibus</span> <span class='ocrx_word' id='word_1_234' title='bbox 740 2373 770 2434; x_wconf 89' lang='lat' dir='ltr'>et</span> <span class='ocrx_word' id='word_1_235' title='bbox 793 2369 925 2453; x_wconf 84' lang='lat' dir='ltr'>singolis</span> <span class='ocrx_word' id='word_1_236' title='bbox 944 2369 1065 2435; x_wconf 90' lang='lat' dir='ltr'>casibus</span> <span class='ocrx_word' id='word_1_237' title='bbox 1079 2371 1234 2455; x_wconf 85' lang='lat' dir='ltr'>integram</span> <span class='ocrx_word' id='word_1_238' title='bbox 1250 2389 1368 2454; x_wconf 88' lang='lat' dir='ltr'>semper</span> <span class='ocrx_word' id='word_1_239' title='bbox 1383 2389 1452 2436; x_wconf 90' lang='lat' dir='ltr'>esse</span> 
     </span>
     <span class='ocr_line' id='line_1_26' title="bbox 207 2456 1449 2540; baseline -0.002 -16"><span class='ocrx_word' id='word_1_240' title='bbox 207 2459 350 2524; x_wconf 84' lang='lat' dir='ltr'>uolumus</span> <span class='ocrx_word' id='word_1_241' title='bbox 373 2456 556 2523; x_wconf 82' lang='lat' dir='ltr'>facultatem</span> <span class='ocrx_word' id='word_1_242' title='bbox 581 2456 802 2540; x_wconf 85' lang='lat' dir='ltr'>postulationes</span> <span class='ocrx_word' id='word_1_243' title='bbox 824 2457 863 2521; x_wconf 88' lang='lat' dir='ltr'>ad</span> <span class='ocrx_word' id='word_1_244' title='bbox 888 2457 1097 2540; x_wconf 74' lang='lat' dir='ltr'>apostolicam</span> <span class='ocrx_word' id='word_1_245' title='bbox 1121 2457 1231 2524; x_wconf 82' lang='lat' dir='ltr'>Sedens</span> <span class='ocrx_word' id='word_1_246' title='bbox 1255 2457 1372 2522; x_wconf 88' lang='lat' dir='ltr'>directe</span> <span class='ocrx_word' id='word_1_247' title='bbox 1394 2457 1449 2521; x_wconf 91' lang='lat' dir='ltr'>de-</span> 
     </span>
     <span class='ocr_line' id='line_1_27' title="bbox 208 2542 1449 2630; baseline -0.002 -19"><span class='ocrx_word' id='word_1_248' title='bbox 208 2543 335 2611; x_wconf 88' lang='lat' dir='ltr'>lereudi.</span> <span class='ocrx_word' id='word_1_249' title='bbox 378 2543 527 2608; x_wconf 83' lang='lat' dir='ltr'>Volumus</span> <span class='ocrx_word' id='word_1_250' title='bbox 549 2549 725 2627; x_wconf 80' lang='lat' dir='ltr'>praeterea,</span> <span class='ocrx_word' id='word_1_251' title='bbox 753 2546 787 2608; x_wconf 91' lang='lat' dir='ltr'>nt</span> <span class='ocrx_word' id='word_1_252' title='bbox 810 2542 841 2606; x_wconf 94' lang='lat' dir='ltr'>in</span> <span class='ocrx_word' id='word_1_253' title='bbox 864 2543 996 2628; x_wconf 83' lang='lat' dir='ltr'>singulis</span> <span class='ocrx_word' id='word_1_254' title='bbox 1019 2543 1195 2630; x_wconf 86' lang='lat' dir='ltr'>hujusmodi</span> <span class='ocrx_word' id='word_1_255' title='bbox 1218 2545 1449 2610; x_wconf 86' lang='lat' dir='ltr'>concessionum</span> 
     </span>
    </p>
   </div>
   <div class='ocr_carea' id='block_1_10' title="bbox 207 2628 1586 2713">
    <p class='ocr_par' dir='ltr' id='par_1_10' title="bbox 207 2628 1586 2713">
     <span class='ocr_line' id='line_1_28' title="bbox 207 2628 1586 2713; baseline -0.002 -16"><span class='ocrx_word' id='word_1_256' title='bbox 207 2631 330 2697; x_wconf 89' lang='lat' dir='ltr'>casibus</span> <span class='ocrx_word' id='word_1_257' title='bbox 353 2630 416 2696; x_wconf 87' lang='lat' dir='ltr'>sine</span> <span class='ocrx_word' id='word_1_258' title='bbox 440 2630 478 2694; x_wconf 87' lang='lat' dir='ltr'>ab</span> <span class='ocrx_word' id='word_1_259' title='bbox 502 2628 679 2713; x_wconf 84' lang='lat' dir='ltr'>Apostolieo</span> <span class='ocrx_word' id='word_1_260' title='bbox 707 2629 843 2704; x_wconf 86' lang='lat' dir='ltr'>Nautio,</span> <span class='ocrx_word' id='word_1_261' title='bbox 877 2631 940 2695; x_wconf 87' lang='lat' dir='ltr'>sine</span> <span class='ocrx_word' id='word_1_262' title='bbox 969 2630 1008 2695; x_wconf 91' lang='lat' dir='ltr'>ab</span> <span class='ocrx_word' id='word_1_263' title='bbox 1033 2630 1236 2696; x_wconf 82' lang='lat' dir='ltr'>Antistitibns</span> <span class='ocrx_word' id='word_1_264' title='bbox 1259 2630 1450 2696; x_wconf 87' lang='lat' dir='ltr'>dioecesanis</span> <span class='ocrx_word' id='word_1_265' title='bbox 1585 2659 1586 2706; x_wconf 66' lang='lat' dir='ltr'>n</span> 
     </span>
    </p>
   </div>
   <div class='ocr_carea' id='block_1_11' title="bbox 205 2716 1450 3669">
    <p class='ocr_par' dir='ltr' id='par_1_11' title="bbox 205 2716 1450 3669">
     <span class='ocr_line' id='line_1_29' title="bbox 207 2716 1448 2801; baseline -0.002 -18"><span class='ocrx_word' id='word_1_266' title='bbox 207 2717 350 2801; x_wconf 82' lang='lat' dir='ltr'>Superior</span> <span class='ocrx_word' id='word_1_267' title='bbox 367 2716 474 2782; x_wconf 89' lang='lat' dir='ltr'>localis</span> <span class='ocrx_word' id='word_1_268' title='bbox 490 2720 521 2782; x_wconf 89' lang='lat' dir='ltr'>et</span> <span class='ocrx_word' id='word_1_269' title='bbox 536 2717 749 2800; x_wconf 79' lang='lat' dir='ltr'>respectivum</span> <span class='ocrx_word' id='word_1_270' title='bbox 767 2716 947 2799; x_wconf 82' lang='lat' dir='ltr'>Capitulum</span> <span class='ocrx_word' id='word_1_271' title='bbox 963 2716 1124 2800; x_wconf 82' lang='lat' dir='ltr'>religiosae</span> <span class='ocrx_word' id='word_1_272' title='bbox 1140 2716 1276 2782; x_wconf 82' lang='lat' dir='ltr'>familiae</span> <span class='ocrx_word' id='word_1_273' title='bbox 1289 2717 1448 2794; x_wconf 84' lang='lat' dir='ltr'>audiatur,</span> 
     </span>
     <span class='ocr_line' id='line_1_30' title="bbox 206 2803 1449 2888; baseline -0.001 -19"><span class='ocrx_word' id='word_1_274' title='bbox 206 2807 299 2888; x_wconf 90' lang='lat' dir='ltr'>atque</span> <span class='ocrx_word' id='word_1_275' title='bbox 320 2805 485 2868; x_wconf 87' lang='lat' dir='ltr'>canonicae</span> <span class='ocrx_word' id='word_1_276' title='bbox 500 2803 753 2887; x_wconf 86' lang='lat' dir='ltr'>praescriptiones</span> <span class='ocrx_word' id='word_1_277' title='bbox 769 2806 912 2868; x_wconf 86' lang='lat' dir='ltr'>accurate</span> <span class='ocrx_word' id='word_1_278' title='bbox 928 2807 1098 2879; x_wconf 85' lang='lat' dir='ltr'>serventur,</span> <span class='ocrx_word' id='word_1_279' title='bbox 1117 2822 1152 2868; x_wconf 91' lang='lat' dir='ltr'>ac</span> <span class='ocrx_word' id='word_1_280' title='bbox 1169 2803 1351 2887; x_wconf 88' lang='lat' dir='ltr'>praesertim</span> <span class='ocrx_word' id='word_1_281' title='bbox 1367 2803 1449 2870; x_wconf 82' lang='lat' dir='ltr'>Gon-</span> 
     </span>
     <span class='ocr_line' id='line_1_31' title="bbox 206 2889 1447 2974; baseline 0 -18"><span class='ocrx_word' id='word_1_282' title='bbox 206 2890 404 2957; x_wconf 73' lang='lat' dir='ltr'>stitutiolel.</span> <span class='ocrx_word' id='word_1_283' title='bbox 426 2909 485 2957; x_wconf 90' lang='lat' dir='ltr'>me.</span> <span class='ocrx_word' id='word_1_284' title='bbox 508 2889 596 2955; x_wconf 85' lang='lat' dir='ltr'>Pauli</span> <span class='ocrx_word' id='word_1_285' title='bbox 620 2889 651 2955; x_wconf 89' lang='lat' dir='ltr'>ll</span> <span class='ocrx_word' id='word_1_286' title='bbox 675 2889 816 2957; x_wconf 85' lang='lat' dir='ltr'>Praedris</span> <span class='ocrx_word' id='word_1_287' title='bbox 840 2889 957 2966; x_wconf 81' lang='lat' dir='ltr'>Nostri,</span> <span class='ocrx_word' id='word_1_288' title='bbox 978 2909 1057 2974; x_wconf 88' lang='lat' dir='ltr'>quae</span> <span class='ocrx_word' id='word_1_289' title='bbox 1080 2890 1190 2974; x_wconf 89' lang='lat' dir='ltr'>incipit</span> <span class='ocrx_word' id='word_1_290' title='bbox 1214 2889 1311 2956; x_wconf 80' lang='lat' dir='ltr'>»Cum</span> <span class='ocrx_word' id='word_1_291' title='bbox 1330 2889 1360 2952; x_wconf 91' lang='lat' dir='ltr'>in</span> <span class='ocrx_word' id='word_1_292' title='bbox 1377 2909 1447 2956; x_wconf 90' lang='lat' dir='ltr'>em·</span> 
     </span>
     <span class='ocr_line' id='line_1_32' title="bbox 207 2976 1448 3062; baseline 0.002 -20"><span class='ocrx_word' id='word_1_293' title='bbox 207 2978 316 3043; x_wconf 80' lang='lat' dir='ltr'>nibus«</span> <span class='ocrx_word' id='word_1_294' title='bbox 341 2977 425 3043; x_wconf 90' lang='lat' dir='ltr'>edita</span> <span class='ocrx_word' id='word_1_295' title='bbox 447 2977 496 3042; x_wconf 91' lang='lat' dir='ltr'>die</span> <span class='ocrx_word' id='word_1_296' title='bbox 519 2976 569 3044; x_wconf 90' lang='lat' dir='ltr'>ll.</span> <span class='ocrx_word' id='word_1_297' title='bbox 594 2976 669 3043; x_wconf 87' lang='lat' dir='ltr'>Maii</span> <span class='ocrx_word' id='word_1_298' title='bbox 694 2977 793 3054; x_wconf 81' lang='grc'>1665,</span> <span class='ocrx_word' id='word_1_299' title='bbox 825 2995 861 3042; x_wconf 92' lang='lat' dir='ltr'>ac</span> <span class='ocrx_word' id='word_1_300' title='bbox 884 2976 1010 3059; x_wconf 88' lang='lat' dir='ltr'>proinde</span> <span class='ocrx_word' id='word_1_301' title='bbox 1037 2977 1068 3042; x_wconf 92' lang='lat' dir='ltr'>in</span> <span class='ocrx_word' id='word_1_302' title='bbox 1095 2976 1237 3042; x_wconf 89' lang='lat' dir='ltr'>omnibus</span> <span class='ocrx_word' id='word_1_303' title='bbox 1257 2981 1290 3044; x_wconf 90' lang='lat' dir='ltr'>et</span> <span class='ocrx_word' id='word_1_304' title='bbox 1311 2977 1448 3062; x_wconf 76' lang='lat' dir='ltr'>singulis</span> 
     </span>
     <span class='ocr_line' id='line_1_33' title="bbox 207 3063 1449 3148; baseline -0.001 -18"><span class='ocrx_word' id='word_1_305' title='bbox 207 3063 421 3142; x_wconf 83' lang='lat' dir='ltr'>facultatibus,</span> <span class='ocrx_word' id='word_1_306' title='bbox 443 3082 496 3129; x_wconf 89' lang='lat' dir='ltr'>seo</span> <span class='ocrx_word' id='word_1_307' title='bbox 518 3063 764 3129; x_wconf 88' lang='lat' dir='ltr'>concessionibus</span> <span class='ocrx_word' id='word_1_308' title='bbox 787 3063 926 3128; x_wconf 85' lang='lat' dir='ltr'>volumus</span> <span class='ocrx_word' id='word_1_309' title='bbox 946 3066 979 3130; x_wconf 92' lang='lat' dir='ltr'>et</span> <span class='ocrx_word' id='word_1_310' title='bbox 1001 3063 1193 3141; x_wconf 84' lang='lat' dir='ltr'>mandamus,</span> <span class='ocrx_word' id='word_1_311' title='bbox 1217 3068 1253 3130; x_wconf 91' lang='lat' dir='ltr'>ut</span> <span class='ocrx_word' id='word_1_312' title='bbox 1270 3066 1386 3148; x_wconf 84' lang='lat' dir='ltr'>pateat,</span> <span class='ocrx_word' id='word_1_313' title='bbox 1411 3082 1449 3130; x_wconf 86' lang='lat' dir='ltr'>ae</span> 
     </span>
     <span class='ocr_line' id='line_1_34' title="bbox 206 3147 1449 3236; baseline -0.001 -20"><span class='ocrx_word' id='word_1_314' title='bbox 206 3152 336 3236; x_wconf 87' lang='lat' dir='ltr'>probata</span> <span class='ocrx_word' id='word_1_315' title='bbox 357 3151 400 3215; x_wconf 90' lang='lat' dir='ltr'>sit</span> <span class='ocrx_word' id='word_1_316' title='bbox 414 3149 578 3235; x_wconf 77' lang='lat' dir='ltr'>religiosae</span> <span class='ocrx_word' id='word_1_317' title='bbox 598 3147 736 3215; x_wconf 80' lang='lat' dir='ltr'>familiae</span> <span class='ocrx_word' id='word_1_318' title='bbox 756 3149 921 3215; x_wconf 90' lang='lat' dir='ltr'>necessitas</span> <span class='ocrx_word' id='word_1_319' title='bbox 941 3149 1134 3230; x_wconf 86' lang='lat' dir='ltr'>volatilitas,</span> <span class='ocrx_word' id='word_1_320' title='bbox 1159 3170 1289 3234; x_wconf 89' lang='lat' dir='ltr'>eumque</span> <span class='ocrx_word' id='word_1_321' title='bbox 1307 3150 1339 3215; x_wconf 92' lang='lat' dir='ltr'>in</span> <span class='ocrx_word' id='word_1_322' title='bbox 1356 3150 1449 3215; x_wconf 89' lang='lat' dir='ltr'>tinem</span> 
     </span>
     <span class='ocr_line' id='line_1_35' title="bbox 205 3235 1449 3320; baseline -0.001 -17"><span class='ocrx_word' id='word_1_323' title='bbox 205 3237 237 3304; x_wconf 91' lang='lat' dir='ltr'>io</span> <span class='ocrx_word' id='word_1_324' title='bbox 267 3236 399 3320; x_wconf 78' lang='lat' dir='ltr'>singulis</span> <span class='ocrx_word' id='word_1_325' title='bbox 427 3236 503 3302; x_wconf 90' lang='lat' dir='ltr'>item</span> <span class='ocrx_word' id='word_1_326' title='bbox 534 3237 658 3302; x_wconf 91' lang='lat' dir='ltr'>casibus</span> <span class='ocrx_word' id='word_1_327' title='bbox 687 3255 745 3300; x_wconf 92' lang='lat' dir='ltr'>neo</span> <span class='ocrx_word' id='word_1_328' title='bbox 777 3237 865 3302; x_wconf 90' lang='lat' dir='ltr'>medo</span> <span class='ocrx_word' id='word_1_329' title='bbox 894 3235 1064 3319; x_wconf 81' lang='lat' dir='ltr'>Superioris</span> <span class='ocrx_word' id='word_1_330' title='bbox 1096 3237 1203 3302; x_wconf 86' lang='lat' dir='ltr'>localis</span> <span class='ocrx_word' id='word_1_331' title='bbox 1225 3240 1258 3304; x_wconf 93' lang='lat' dir='ltr'>et</span> <span class='ocrx_word' id='word_1_332' title='bbox 1283 3237 1449 3320; x_wconf 85' lang='lat' dir='ltr'>respectiri</span> 
     </span>
     <span class='ocr_line' id='line_1_36' title="bbox 207 3322 1450 3407; baseline -0.002 -17"><span class='ocrx_word' id='word_1_333' title='bbox 207 3323 344 3407; x_wconf 76' lang='lat' dir='ltr'>Capituli</span> <span class='ocrx_word' id='word_1_334' title='bbox 366 3323 546 3400; x_wconf 83' lang='lat' dir='ltr'>eonsilium,</span> <span class='ocrx_word' id='word_1_335' title='bbox 566 3326 602 3388; x_wconf 93' lang='lat' dir='ltr'>ut</span> <span class='ocrx_word' id='word_1_336' title='bbox 621 3341 715 3406; x_wconf 89' lang='lat' dir='ltr'>supra</span> <span class='ocrx_word' id='word_1_337' title='bbox 734 3322 851 3388; x_wconf 92' lang='lat' dir='ltr'>dietum</span> <span class='ocrx_word' id='word_1_338' title='bbox 875 3325 939 3401; x_wconf 84' lang='lat' dir='ltr'>est,</span> <span class='ocrx_word' id='word_1_339' title='bbox 964 3323 1118 3402; x_wconf 81' lang='lat' dir='ltr'>audiatur,</span> <span class='ocrx_word' id='word_1_340' title='bbox 1144 3341 1247 3389; x_wconf 85' lang='lat' dir='ltr'>rernm</span> <span class='ocrx_word' id='word_1_341' title='bbox 1274 3326 1368 3389; x_wconf 90' lang='lat' dir='ltr'>etiam</span> <span class='ocrx_word' id='word_1_342' title='bbox 1394 3324 1450 3388; x_wconf 83' lang='lat' dir='ltr'>lno-</span> 
     </span>
     <span class='ocr_line' id='line_1_37' title="bbox 207 3409 1448 3494; baseline -0.001 -17"><span class='ocrx_word' id='word_1_343' title='bbox 207 3411 287 3477; x_wconf 90' lang='lat' dir='ltr'>nesti</span> <span class='ocrx_word' id='word_1_344' title='bbox 310 3410 442 3476; x_wconf 90' lang='lat' dir='ltr'>neminis</span> <span class='ocrx_word' id='word_1_345' title='bbox 464 3414 496 3477; x_wconf 90' lang='lat' dir='ltr'>et</span> <span class='ocrx_word' id='word_1_346' title='bbox 518 3410 637 3494; x_wconf 88' lang='lat' dir='ltr'>probati</span> <span class='ocrx_word' id='word_1_347' title='bbox 657 3409 767 3493; x_wconf 87' lang='lat' dir='ltr'>judicii</span> <span class='ocrx_word' id='word_1_348' title='bbox 792 3410 849 3474; x_wconf 86' lang='lat' dir='ltr'>viri</span> <span class='ocrx_word' id='word_1_349' title='bbox 871 3413 963 3475; x_wconf 92' lang='lat' dir='ltr'>antea</span> <span class='ocrx_word' id='word_1_350' title='bbox 987 3411 1196 3476; x_wconf 87' lang='lat' dir='ltr'>consulantur.</span> <span class='ocrx_word' id='word_1_351' title='bbox 1234 3411 1448 3494; x_wconf 89' lang='lat' dir='ltr'>Praecipimus</span> 
     </span>
     <span class='ocr_line' id='line_1_38' title="bbox 206 3496 1446 3581; baseline -0.002 -17"><span class='ocrx_word' id='word_1_352' title='bbox 206 3499 346 3581; x_wconf 84' lang='lat' dir='ltr'>deniqne,</span> <span class='ocrx_word' id='word_1_353' title='bbox 370 3501 406 3562; x_wconf 93' lang='lat' dir='ltr'>ut</span> <span class='ocrx_word' id='word_1_354' title='bbox 427 3497 460 3562; x_wconf 94' lang='lat' dir='ltr'>in</span> <span class='ocrx_word' id='word_1_355' title='bbox 482 3499 624 3563; x_wconf 90' lang='lat' dir='ltr'>omnibns</span> <span class='ocrx_word' id='word_1_356' title='bbox 644 3500 677 3564; x_wconf 91' lang='lat' dir='ltr'>st</span> <span class='ocrx_word' id='word_1_357' title='bbox 698 3496 831 3581; x_wconf 80' lang='lat' dir='ltr'>singulis</span> <span class='ocrx_word' id='word_1_358' title='bbox 852 3496 930 3562; x_wconf 88' lang='lat' dir='ltr'>actis</span> <span class='ocrx_word' id='word_1_359' title='bbox 953 3497 1138 3564; x_wconf 86' lang='lat' dir='ltr'>venditionis</span> <span class='ocrx_word' id='word_1_360' title='bbox 1160 3517 1214 3563; x_wconf 91' lang='lat' dir='ltr'>seu</span> <span class='ocrx_word' id='word_1_361' title='bbox 1237 3497 1446 3576; x_wconf 81' lang='lat' dir='ltr'>alienationis,</span> 
     </span>
     <span class='ocr_line' id='line_1_39' title="bbox 207 3582 1450 3669; baseline -0.002 -17"><span class='ocrx_word' id='word_1_362' title='bbox 207 3589 239 3652; x_wconf 89' lang='lat' dir='ltr'>et</span> <span class='ocrx_word' id='word_1_363' title='bbox 261 3603 387 3650; x_wconf 90' lang='lat' dir='ltr'>eaerum</span> <span class='ocrx_word' id='word_1_364' title='bbox 409 3583 630 3667; x_wconf 88' lang='lat' dir='ltr'>impositionis,</span> <span class='ocrx_word' id='word_1_365' title='bbox 662 3585 755 3667; x_wconf 86' lang='lat' dir='ltr'>atque</span> <span class='ocrx_word' id='word_1_366' title='bbox 782 3584 878 3651; x_wconf 89' lang='lat' dir='ltr'>stiam</span> <span class='ocrx_word' id='word_1_367' title='bbox 900 3582 1062 3650; x_wconf 88' lang='lat' dir='ltr'>locationis</span> <span class='ocrx_word' id='word_1_368' title='bbox 1090 3585 1128 3650; x_wconf 90' lang='lat' dir='ltr'>ad</span> <span class='ocrx_word' id='word_1_369' title='bbox 1152 3603 1247 3650; x_wconf 91' lang='lat' dir='ltr'>annes</span> <span class='ocrx_word' id='word_1_370' title='bbox 1271 3584 1450 3669; x_wconf 88' lang='lat' dir='ltr'>quindecim</span> 
     </span>
    </p>
   </div>
   <div class='ocr_carea' id='block_1_12' title="bbox 207 3663 1586 3754">
    <p class='ocr_par' dir='ltr' id='par_1_12' title="bbox 207 3663 1586 3754">
     <span class='ocr_line' id='line_1_40' title="bbox 207 3663 1586 3754; baseline -0.001 -16"><span class='ocrx_word' id='word_1_371' title='bbox 207 3670 323 3738; x_wconf 91' lang='lat' dir='ltr'>mentio</span> <span class='ocrx_word' id='word_1_372' title='bbox 345 3689 486 3754; x_wconf 84' lang='lat' dir='ltr'>expresse</span> <span class='ocrx_word' id='word_1_373' title='bbox 517 3670 572 3736; x_wconf 85' lang='lat' dir='ltr'>dat</span> <span class='ocrx_word' id='word_1_374' title='bbox 600 3669 759 3736; x_wconf 81' lang='lat' dir='ltr'>facultatis</span> <span class='ocrx_word' id='word_1_375' title='bbox 783 3670 822 3735; x_wconf 89' lang='lat' dir='ltr'>ab</span> <span class='ocrx_word' id='word_1_376' title='bbox 846 3670 1023 3754; x_wconf 69' lang='lat' dir='ltr'>apostolica</span> <span class='ocrx_word' id='word_1_377' title='bbox 1044 3669 1122 3737; x_wconf 86' lang='lat' dir='ltr'>Sede</span> <span class='ocrx_word' id='word_1_378' title='bbox 1144 3689 1316 3738; x_wconf 87' lang='lat' dir='ltr'>concessae.</span> <span class='ocrx_word' id='word_1_379' title='bbox 1362 3671 1450 3736; x_wconf 88' lang='lat' dir='ltr'>Haec</span> <span class='ocrx_word' id='word_1_380' title='bbox 1585 3663 1586 3674; x_wconf 72' lang='grc'>’</span> 
     </span>
    </p>
   </div>
   <div class='ocr_carea' id='block_1_13' title="bbox 208 3755 1449 3841">
    <p class='ocr_par' dir='ltr' id='par_1_13' title="bbox 208 3755 1449 3841">
     <span class='ocr_line' id='line_1_41' title="bbox 208 3755 1449 3841; baseline 0 -18"><span class='ocrx_word' id='word_1_381' title='bbox 208 3758 358 3833; x_wconf 82' lang='lat' dir='ltr'>volumus,</span> <span class='ocrx_word' id='word_1_382' title='bbox 383 3757 541 3841; x_wconf 81' lang='lat' dir='ltr'>jubemus,</span> <span class='ocrx_word' id='word_1_383' title='bbox 569 3755 768 3835; x_wconf 78' lang='lat' dir='ltr'>mandamns,</span> <span class='ocrx_word' id='word_1_384' title='bbox 791 3775 849 3822; x_wconf 91' lang='lat' dir='ltr'>neu</span> <span class='ocrx_word' id='word_1_385' title='bbox 873 3757 1068 3824; x_wconf 89' lang='lat' dir='ltr'>obstantibus</span> <span class='ocrx_word' id='word_1_386' title='bbox 1093 3757 1181 3824; x_wconf 87' lang='lat' dir='ltr'>Pauli</span> <span class='ocrx_word' id='word_1_387' title='bbox 1205 3757 1238 3823; x_wconf 92' lang='lat'>11</span> <span class='ocrx_word' id='word_1_388' title='bbox 1262 3759 1449 3824; x_wconf 88' lang='lat' dir='ltr'>Praedeces-</span> 
     </span>
    </p>
   </div>
   <div class='ocr_carea' id='block_1_14' title="bbox 207 3843 1586 4024">
    <p class='ocr_par' dir='ltr' id='par_1_14' title="bbox 207 3843 1586 4024">
     <span class='ocr_line' id='line_1_42' title="bbox 207 3843 1586 3929; baseline 0.001 -18"><span class='ocrx_word' id='word_1_389' title='bbox 207 3845 284 3911; x_wconf 89' lang='lat' dir='ltr'>soris</span> <span class='ocrx_word' id='word_1_390' title='bbox 307 3843 413 3910; x_wconf 87' lang='lat' dir='ltr'>Nostri</span> <span class='ocrx_word' id='word_1_391' title='bbox 436 3843 625 3929; x_wconf 90' lang='lat' dir='ltr'>aliorumque</span> <span class='ocrx_word' id='word_1_392' title='bbox 641 3844 911 3910; x_wconf 89' lang='lat' dir='ltr'>Praedecessorum</span> <span class='ocrx_word' id='word_1_393' title='bbox 930 3844 1112 3910; x_wconf 89' lang='lat' dir='ltr'>Nostrorum</span> <span class='ocrx_word' id='word_1_394' title='bbox 1129 3845 1167 3909; x_wconf 90' lang='lat' dir='ltr'>de</span> <span class='ocrx_word' id='word_1_395' title='bbox 1182 3846 1273 3910; x_wconf 89' lang='lat' dir='ltr'>rebus</span> <span class='ocrx_word' id='word_1_396' title='bbox 1291 3844 1447 3910; x_wconf 75' lang='lat' dir='ltr'>Ecclesiae</span> <span class='ocrx_word' id='word_1_397' title='bbox 1585 3855 1586 3912; x_wconf 70' lang='lat' dir='ltr'>t</span> 
     </span>
     <span class='ocr_line' id='line_1_43' title="bbox 207 3929 1586 4024; baseline -0.003 -26"><span class='ocrx_word' id='word_1_398' title='bbox 207 3950 267 3998; x_wconf 92' lang='lat' dir='ltr'>nen</span> <span class='ocrx_word' id='word_1_399' title='bbox 296 3929 484 4008; x_wconf 83' lang='lat' dir='ltr'>alienandis,</span> <span class='ocrx_word' id='word_1_400' title='bbox 514 3930 644 4015; x_wconf 83' lang='lat' dir='ltr'>aliisque</span> <span class='ocrx_word' id='word_1_401' title='bbox 673 3929 953 3997; x_wconf 83' lang='lat' dir='ltr'>Constitutionibus</span> <span class='ocrx_word' id='word_1_402' title='bbox 984 3935 1016 3996; x_wconf 90' lang='lat' dir='ltr'>et</span> <span class='ocrx_word' id='word_1_403' title='bbox 1040 3931 1294 3998; x_wconf 82' lang='lat' dir='ltr'>ordinationibus</span> <span class='ocrx_word' id='word_1_404' title='bbox 1317 3930 1447 4016; x_wconf 85' lang='lat' dir='ltr'>speeiudi</span> <span class='ocrx_word' id='word_1_405' title='bbox 1585 3973 1586 4024; x_wconf 46' lang='lat' dir='ltr'>p</span> 
     </span>
    </p>
   </div>
   <div class='ocr_carea' id='block_1_15' title="bbox 207 4016 1329 4104">
    <p class='ocr_par' dir='ltr' id='par_1_15' title="bbox 207 4016 1329 4104">
     <span class='ocr_line' id='line_1_44' title="bbox 207 4016 1329 4104; baseline 0 -20"><span class='ocrx_word' id='word_1_406' title='bbox 207 4017 282 4085; x_wconf 91' lang='lat' dir='ltr'>licet</span> <span class='ocrx_word' id='word_1_407' title='bbox 305 4017 458 4085; x_wconf 85' lang='lat' dir='ltr'>mentione</span> <span class='ocrx_word' id='word_1_408' title='bbox 481 4017 583 4102; x_wconf 79' lang='lat' dir='ltr'>dignis</span> <span class='ocrx_word' id='word_1_409' title='bbox 603 4017 634 4083; x_wconf 91' lang='lat' dir='ltr'>iu</span> <span class='ocrx_word' id='word_1_410' title='bbox 657 4017 846 4084; x_wconf 88' lang='lat' dir='ltr'>contrarium</span> <span class='ocrx_word' id='word_1_411' title='bbox 865 4016 1052 4084; x_wconf 83' lang='lat' dir='ltr'>iacientibus</span> <span class='ocrx_word' id='word_1_412' title='bbox 1074 4019 1329 4104; x_wconf 85' lang='lat' dir='ltr'>quibuscumque.</span> 
     </span>
    </p>
   </div>
   <div class='ocr_carea' id='block_1_16' title="bbox 312 4119 1451 4205">
    <p class='ocr_par' dir='ltr' id='par_1_16' title="bbox 312 4103 1586 4205">
     <span class='ocr_line' id='line_1_45' title="bbox 312 4119 1451 4205; baseline 0 -18"><span class='ocrx_word' id='word_1_413' title='bbox 312 4121 427 4189; x_wconf 88' lang='lat' dir='ltr'>Datum</span> <span class='ocrx_word' id='word_1_414' title='bbox 462 4122 576 4190; x_wconf 85' lang='lat' dir='ltr'>Romae</span> <span class='ocrx_word' id='word_1_415' title='bbox 609 4121 690 4205; x_wconf 86' lang='lat' dir='ltr'>apud</span> <span class='ocrx_word' id='word_1_416' title='bbox 720 4119 751 4186; x_wconf 92' lang='lat' dir='ltr'>S.</span> <span class='ocrx_word' id='word_1_417' title='bbox 787 4122 913 4188; x_wconf 88' lang='lat' dir='ltr'>Petrum</span> <span class='ocrx_word' id='word_1_418' title='bbox 947 4123 1004 4188; x_wconf 91' lang='lat' dir='ltr'>snb</span> <span class='ocrx_word' id='word_1_419' title='bbox 1038 4123 1163 4190; x_wconf 79' lang='lat' dir='ltr'>Annulo</span> <span class='ocrx_word' id='word_1_420' title='bbox 1197 4121 1366 4190; x_wconf 88' lang='lat' dir='ltr'>Piscatoris</span> <span class='ocrx_word' id='word_1_421' title='bbox 1398 4121 1451 4188; x_wconf 90' lang='lat' dir='ltr'>die</span> 
     </span>
    </p>
   </div>
   <div class='ocr_carea' id='block_1_17' title="bbox 212 4206 1426 4399">
    <p class='ocr_par' dir='ltr' id='par_1_17' title="bbox 212 4206 1426 4399">
     <span class='ocr_line' id='line_1_46' title="bbox 212 4206 1344 4294; baseline -0.001 -17"><span class='ocrx_word' id='word_1_422' title='bbox 212 4209 238 4277; x_wconf 91' lang='lat' dir='ltr'>l.</span> <span class='ocrx_word' id='word_1_423' title='bbox 261 4207 450 4293; x_wconf 87' lang='lat' dir='ltr'>Septembris</span> <span class='ocrx_word' id='word_1_424' title='bbox 473 4209 567 4276; x_wconf 83' lang='lat' dir='ltr'>leel.</span> <span class='ocrx_word' id='word_1_425' title='bbox 614 4206 815 4274; x_wconf 82' lang='lat' dir='ltr'>Pontificatns</span> <span class='ocrx_word' id='word_1_426' title='bbox 838 4209 944 4275; x_wconf 87' lang='lat' dir='ltr'>Nostri</span> <span class='ocrx_word' id='word_1_427' title='bbox 967 4211 1055 4276; x_wconf 82' lang='lat' dir='ltr'>dano</span> <span class='ocrx_word' id='word_1_428' title='bbox 1078 4210 1203 4276; x_wconf 90' lang='lat' dir='ltr'>Decime</span> <span class='ocrx_word' id='word_1_429' title='bbox 1226 4210 1344 4294; x_wconf 85' lang='lat' dir='ltr'>Quarto</span> 
     </span>
     <span class='ocr_line' id='line_1_47' title="bbox 309 4309 1426 4399; baseline 0.002 -22"><span class='ocrx_word' id='word_1_430' title='bbox 309 4313 366 4378; x_wconf 90' lang='lat' dir='ltr'>Pro</span> <span class='ocrx_word' id='word_1_431' title='bbox 380 4312 510 4379; x_wconf 88' lang='lat' dir='ltr'>Domino</span> <span class='ocrx_word' id='word_1_432' title='bbox 523 4312 614 4380; x_wconf 77' lang='lat' dir='ltr'>card.</span> <span class='ocrx_word' id='word_1_433' title='bbox 628 4309 858 4392; x_wconf 68' lang='lat' dir='ltr'>Ledocbosoelei,</span> <span class='ocrx_word' id='word_1_434' title='bbox 871 4313 906 4378; x_wconf 83' lang='lat' dir='ltr'>T.</span> <span class='ocrx_word' id='word_1_435' title='bbox 920 4313 1175 4399; x_wconf 74' lang='lat' dir='ltr'>archiepiscopus</span> <span class='ocrx_word' id='word_1_436' title='bbox 1187 4313 1308 4382; x_wconf 85' lang='lat' dir='ltr'>Selene.</span> <span class='ocrx_word' id='word_1_437' title='bbox 1319 4312 1426 4380; x_wconf 90' lang='lat' dir='ltr'>Subst.</span> 
     </span>
    </p>
   </div>
   <div class='ocr_carea' id='block_1_18' title="bbox 0 0 1618 4768">
    <p class='ocr_par' dir='ltr' id='par_1_18' title="bbox 0 0 1618 4768">
     <span class='ocr_line' id='line_1_48' title="bbox 0 0 1618 4768; baseline 0 0"><span class='ocrx_word' id='word_1_438' title='bbox 0 0 1618 4768; x_wconf 95' lang='lat' dir='ltr'> </span> 
     </span>
    </p>
   </div>
  </div>
 </body>
</html>
