<?xml version="1.0" encoding="UTF-8"?>
<!DOCTYPE html PUBLIC "-//W3C//DTD XHTML 1.0 Transitional//EN"
    "http://www.w3.org/TR/xhtml1/DTD/xhtml1-transitional.dtd">
<html xmlns="http://www.w3.org/1999/xhtml" xml:lang="en" lang="en">
 <head>
  <title>
</title>
<meta http-equiv="Content-Type" content="text/html;charset=utf-8" />
  <meta name='ocr-system' content='tesseract 3.04.00' />
  <meta name='ocr-capabilities' content='ocr_page ocr_carea ocr_par ocr_line ocrx_word'/>
</head>
<body>
  <div class='ocr_page' id='page_1' title='image "./archivfrkatholi01unkngoog_0195.png"; bbox 0 0 3208 4768; ppageno 0'>
   <div class='ocr_carea' id='block_1_1' title="bbox 201 167 1362 256">
    <p class='ocr_par' dir='ltr' id='par_1_1' title="bbox 201 167 1362 256">
     <span class='ocr_line' id='line_1_1' title="bbox 201 167 1362 256; baseline -0.002 -14"><span class='ocrx_word' id='word_1_1' title='bbox 201 167 263 235; x_wconf 85' lang='lat'>190</span> <span class='ocrx_word' id='word_1_2' title='bbox 305 186 417 256; x_wconf 72' lang='lat' dir='ltr'>conpr.</span> <span class='ocrx_word' id='word_1_3' title='bbox 435 202 458 241; x_wconf 86' lang='lat' dir='ltr'>a.</span> <span class='ocrx_word' id='word_1_4' title='bbox 478 183 533 255; x_wconf 75' lang='lat' dir='ltr'>Off.</span> <span class='ocrx_word' id='word_1_5' title='bbox 551 185 595 241; x_wconf 83' lang='lat'>19.</span> <span class='ocrx_word' id='word_1_6' title='bbox 616 186 706 256; x_wconf 83' lang='lat' dir='ltr'>April</span> <span class='ocrx_word' id='word_1_7' title='bbox 726 185 799 242; x_wconf 83' lang='grc'>1891</span> <span class='ocrx_word' id='word_1_8' title='bbox 819 188 904 242; x_wconf 86' lang='lat' dir='ltr'>eirca</span> <span class='ocrx_word' id='word_1_9' title='bbox 921 187 986 240; x_wconf 79' lang='lat' dir='ltr'>vin.</span> <span class='ocrx_word' id='word_1_10' title='bbox 1003 186 1040 240; x_wconf 88' lang='lat' dir='ltr'>in</span> <span class='ocrx_word' id='word_1_11' title='bbox 1057 200 1136 240; x_wconf 84' lang='lat' dir='ltr'>socr.</span> <span class='ocrx_word' id='word_1_12' title='bbox 1156 187 1240 240; x_wconf 63' lang='lat' dir='ltr'>mma.</span> <span class='ocrx_word' id='word_1_13' title='bbox 1257 185 1362 240; x_wconf 75' lang='lat' dir='ltr'>adbit.</span> 
     </span>
    </p>
   </div>
   <div class='ocr_carea' id='block_1_2' title="bbox 199 356 1444 651">
    <p class='ocr_par' dir='ltr' id='par_1_2' title="bbox 199 356 1444 651">
     <span class='ocr_line' id='line_1_2' title="bbox 199 356 1444 442; baseline 0.001 -20"><span class='ocrx_word' id='word_1_14' title='bbox 199 358 256 423; x_wconf 89' lang='lat' dir='ltr'>boe</span> <span class='ocrx_word' id='word_1_15' title='bbox 279 357 394 424; x_wconf 89' lang='lat' dir='ltr'>directe</span> <span class='ocrx_word' id='word_1_16' title='bbox 417 359 540 424; x_wconf 86' lang='lat' dir='ltr'>tantum</span> <span class='ocrx_word' id='word_1_17' title='bbox 564 357 677 423; x_wconf 82' lang='lat' dir='ltr'>existat</span> <span class='ocrx_word' id='word_1_18' title='bbox 699 358 730 422; x_wconf 93' lang='lat' dir='ltr'>in</span> <span class='ocrx_word' id='word_1_19' title='bbox 753 358 830 423; x_wconf 89' lang='lat' dir='ltr'>bene</span> <span class='ocrx_word' id='word_1_20' title='bbox 853 357 982 425; x_wconf 80' lang='lat' dir='ltr'>salente.</span> <span class='ocrx_word' id='word_1_21' title='bbox 1014 356 1101 423; x_wconf 90' lang='lat' dir='ltr'>Unde</span> <span class='ocrx_word' id='word_1_22' title='bbox 1117 376 1211 442; x_wconf 89' lang='lat' dir='ltr'>quum</span> <span class='ocrx_word' id='word_1_23' title='bbox 1228 356 1362 422; x_wconf 84' lang='lat' dir='ltr'>civiliter</span> <span class='ocrx_word' id='word_1_24' title='bbox 1378 361 1444 423; x_wconf 90' lang='lat' dir='ltr'>sint</span> 
     </span>
     <span class='ocr_line' id='line_1_3' title="bbox 199 461 1442 546; baseline -0.001 -19"><span class='ocrx_word' id='word_1_25' title='bbox 199 462 371 546; x_wconf 87' lang='lat' dir='ltr'>conjuncti,</span> <span class='ocrx_word' id='word_1_26' title='bbox 393 464 449 528; x_wconf 87' lang='lat' dir='ltr'>sut</span> <span class='ocrx_word' id='word_1_27' title='bbox 471 461 548 527; x_wconf 85' lang='lat' dir='ltr'>alias</span> <span class='ocrx_word' id='word_1_28' title='bbox 572 463 603 526; x_wconf 90' lang='lat' dir='ltr'>in</span> <span class='ocrx_word' id='word_1_29' title='bbox 627 462 833 528; x_wconf 67' lang='lat' dir='ltr'>concubinatu</span> <span class='ocrx_word' id='word_1_30' title='bbox 856 461 982 542; x_wconf 83' lang='lat' dir='ltr'>vivont,</span> <span class='ocrx_word' id='word_1_31' title='bbox 1009 479 1045 526; x_wconf 84' lang='lat' dir='ltr'>ex</span> <span class='ocrx_word' id='word_1_32' title='bbox 1064 481 1128 546; x_wconf 81' lang='lat' dir='ltr'>gn,</span> <span class='ocrx_word' id='word_1_33' title='bbox 1160 461 1263 545; x_wconf 90' lang='lat' dir='ltr'>puella</span> <span class='ocrx_word' id='word_1_34' title='bbox 1285 461 1387 527; x_wconf 87' lang='lat' dir='ltr'>soluta</span> <span class='ocrx_word' id='word_1_35' title='bbox 1409 463 1442 526; x_wconf 89' lang='lat' dir='ltr'>st</span> 
     </span>
     <span class='ocr_line' id='line_1_4' title="bbox 200 564 1439 651; baseline 0.002 -21"><span class='ocrx_word' id='word_1_36' title='bbox 200 566 363 646; x_wconf 85' lang='lat' dir='ltr'>Diaconos,</span> <span class='ocrx_word' id='word_1_37' title='bbox 386 567 501 649; x_wconf 89' lang='lat' dir='ltr'>illaque</span> <span class='ocrx_word' id='word_1_38' title='bbox 525 569 717 651; x_wconf 75' lang='lat' dir='ltr'>aegrotante,</span> <span class='ocrx_word' id='word_1_39' title='bbox 742 566 793 632; x_wconf 91' lang='lat' dir='ltr'>bic</span> <span class='ocrx_word' id='word_1_40' title='bbox 815 565 918 632; x_wconf 83' lang='lat' dir='ltr'>valeus</span> <span class='ocrx_word' id='word_1_41' title='bbox 940 566 992 645; x_wconf 83' lang='lat' dir='ltr'>sit,</span> <span class='ocrx_word' id='word_1_42' title='bbox 1017 569 1157 649; x_wconf 75' lang='lat' dir='ltr'>possetne</span> <span class='ocrx_word' id='word_1_43' title='bbox 1172 564 1354 631; x_wconf 76' lang='lat' dir='ltr'>Ordinerios</span> <span class='ocrx_word' id='word_1_44' title='bbox 1369 585 1439 632; x_wconf 90' lang='lat' dir='ltr'>cum</span> 
     </span>
    </p>
   </div>
   <div class='ocr_carea' id='block_1_3' title="bbox 58 669 1442 756">
    <p class='ocr_par' dir='ltr' id='par_1_3' title="bbox 58 669 1442 756">
     <span class='ocr_line' id='line_1_5' title="bbox 58 669 1442 756; baseline 0 -20"><span class='ocrx_word' id='word_1_45' title='bbox 58 698 65 713; x_wconf 91' lang='lat'><strong>·</strong></span> <span class='ocrx_word' id='word_1_46' title='bbox 199 672 247 737; x_wconf 86' lang='lat' dir='ltr'>bis</span> <span class='ocrx_word' id='word_1_47' title='bbox 269 670 474 755; x_wconf 74' lang='lat' dir='ltr'>dispensare?</span> <span class='ocrx_word' id='word_1_48' title='bbox 519 669 575 735; x_wconf 87' lang='lat' dir='ltr'>Vel</span> <span class='ocrx_word' id='word_1_49' title='bbox 603 671 630 736; x_wconf 91' lang='lat' dir='ltr'>si</span> <span class='ocrx_word' id='word_1_50' title='bbox 660 670 804 736; x_wconf 88' lang='lat' dir='ltr'>monialis</span> <span class='ocrx_word' id='word_1_51' title='bbox 831 673 995 756; x_wconf 84' lang='lat' dir='ltr'>aegrotans</span> <span class='ocrx_word' id='word_1_52' title='bbox 1025 671 1058 734; x_wconf 92' lang='lat' dir='ltr'>iu</span> <span class='ocrx_word' id='word_1_53' title='bbox 1087 670 1292 736; x_wconf 79' lang='lat' dir='ltr'>concubinatu</span> <span class='ocrx_word' id='word_1_54' title='bbox 1325 671 1442 736; x_wconf 81' lang='lat' dir='ltr'>viveret</span> 
     </span>
    </p>
   </div>
   <div class='ocr_carea' id='block_1_4' title="bbox 196 774 1442 2004">
    <p class='ocr_par' dir='ltr' id='par_1_4' title="bbox 198 774 1441 1062">
     <span class='ocr_line' id='line_1_6' title="bbox 198 774 1441 858; baseline 0.002 -18"><span class='ocrx_word' id='word_1_55' title='bbox 198 795 267 840; x_wconf 90' lang='lat' dir='ltr'>eum</span> <span class='ocrx_word' id='word_1_56' title='bbox 293 774 427 841; x_wconf 83' lang='lat' dir='ltr'>Discono</span> <span class='ocrx_word' id='word_1_57' title='bbox 449 775 526 840; x_wconf 87' lang='lat' dir='ltr'>bene</span> <span class='ocrx_word' id='word_1_58' title='bbox 548 774 680 852; x_wconf 85' lang='lat' dir='ltr'>valente,</span> <span class='ocrx_word' id='word_1_59' title='bbox 703 776 822 840; x_wconf 81' lang='lat' dir='ltr'>essetne</span> <span class='ocrx_word' id='word_1_60' title='bbox 844 775 930 840; x_wconf 89' lang='lat' dir='ltr'>locus</span> <span class='ocrx_word' id='word_1_61' title='bbox 953 774 1186 858; x_wconf 82' lang='lat' dir='ltr'>dispensationi,</span> <span class='ocrx_word' id='word_1_62' title='bbox 1209 793 1304 857; x_wconf 89' lang='lat' dir='ltr'>quum</span> <span class='ocrx_word' id='word_1_63' title='bbox 1330 774 1441 842; x_wconf 82' lang='lat' dir='ltr'>Disco·</span> 
     </span>
     <span class='ocr_line' id='line_1_7' title="bbox 198 878 1177 963; baseline -0.001 -19"><span class='ocrx_word' id='word_1_64' title='bbox 198 900 255 946; x_wconf 89' lang='lat' dir='ltr'>nus</span> <span class='ocrx_word' id='word_1_65' title='bbox 277 899 334 946; x_wconf 90' lang='lat' dir='ltr'>non</span> <span class='ocrx_word' id='word_1_66' title='bbox 356 880 399 945; x_wconf 87' lang='lat' dir='ltr'>sit</span> <span class='ocrx_word' id='word_1_67' title='bbox 420 879 451 944; x_wconf 92' lang='lat' dir='ltr'>in</span> <span class='ocrx_word' id='word_1_68' title='bbox 472 878 654 963; x_wconf 82' lang='lat' dir='ltr'>gravissimo</span> <span class='ocrx_word' id='word_1_69' title='bbox 677 881 784 946; x_wconf 88' lang='lat' dir='ltr'>mortis</span> <span class='ocrx_word' id='word_1_70' title='bbox 808 879 944 963; x_wconf 89' lang='lat' dir='ltr'>periculo</span> <span class='ocrx_word' id='word_1_71' title='bbox 967 879 1177 945; x_wconf 78' lang='lat' dir='ltr'>constitutus?</span> 
     </span>
     <span class='ocr_line' id='line_1_8' title="bbox 404 982 910 1062; baseline -0.004 -14"><span class='ocrx_word' id='word_1_72' title='bbox 404 982 492 1049; x_wconf 81' lang='lat' dir='ltr'>Furia</span> <span class='ocrx_word' id='word_1_73' title='bbox 515 982 568 1062; x_wconf 85' lang='lat' dir='ltr'>lV,</span> <span class='ocrx_word' id='word_1_74' title='bbox 591 983 640 1048; x_wconf 91' lang='lat' dir='ltr'>die</span> <span class='ocrx_word' id='word_1_75' title='bbox 667 985 692 1048; x_wconf 95' lang='grc'>1.</span> <span class='ocrx_word' id='word_1_76' title='bbox 712 982 791 1048; x_wconf 91' lang='lat' dir='ltr'>Julii</span> <span class='ocrx_word' id='word_1_77' title='bbox 816 983 910 1050; x_wconf 83' lang='grc'>1881.</span> 
     </span>
    </p>

    <p class='ocr_par' dir='ltr' id='par_1_5' title="bbox 196 1085 1442 2004">
     <span class='ocr_line' id='line_1_9' title="bbox 301 1085 1441 1173; baseline -0.002 -20"><span class='ocrx_word' id='word_1_78' title='bbox 301 1088 336 1154; x_wconf 90' lang='lat' dir='ltr'>ln</span> <span class='ocrx_word' id='word_1_79' title='bbox 361 1087 486 1171; x_wconf 78' lang='lat' dir='ltr'>Congne</span> <span class='ocrx_word' id='word_1_80' title='bbox 509 1086 601 1153; x_wconf 85' lang='lat' dir='ltr'>Genii</span> <span class='ocrx_word' id='word_1_81' title='bbox 623 1085 655 1155; x_wconf 90' lang='lat' dir='ltr'>S.</span> <span class='ocrx_word' id='word_1_82' title='bbox 679 1087 767 1154; x_wconf 86' lang='lat' dir='ltr'>Rom.</span> <span class='ocrx_word' id='word_1_83' title='bbox 790 1089 822 1153; x_wconf 91' lang='lat' dir='ltr'>st</span> <span class='ocrx_word' id='word_1_84' title='bbox 844 1087 881 1156; x_wconf 91' lang='lat' dir='ltr'>U.</span> <span class='ocrx_word' id='word_1_85' title='bbox 905 1087 1020 1173; x_wconf 86' lang='lat' dir='ltr'>laquis.</span> <span class='ocrx_word' id='word_1_86' title='bbox 1044 1087 1199 1171; x_wconf 90' lang='lat' dir='ltr'>proposita</span> <span class='ocrx_word' id='word_1_87' title='bbox 1229 1087 1441 1171; x_wconf 88' lang='lat' dir='ltr'>suprascripta</span> 
     </span>
     <span class='ocr_line' id='line_1_10' title="bbox 198 1191 1440 1276; baseline 0 -20"><span class='ocrx_word' id='word_1_88' title='bbox 198 1193 357 1264; x_wconf 83' lang='lat' dir='ltr'>instantia,</span> <span class='ocrx_word' id='word_1_89' title='bbox 382 1191 623 1276; x_wconf 85' lang='lat' dir='ltr'>praehabitoque</span> <span class='ocrx_word' id='word_1_90' title='bbox 648 1192 792 1257; x_wconf 77' lang='lat' dir='ltr'>limorum</span> <span class='ocrx_word' id='word_1_91' title='bbox 814 1191 882 1260; x_wconf 90' lang='lat' dir='ltr'>DD.</span> <span class='ocrx_word' id='word_1_92' title='bbox 899 1191 1114 1258; x_wconf 72' lang='lat' dir='ltr'>consultorum</span> <span class='ocrx_word' id='word_1_93' title='bbox 1132 1193 1213 1268; x_wconf 84' lang='lat' dir='ltr'>voto,</span> <span class='ocrx_word' id='word_1_94' title='bbox 1231 1191 1298 1256; x_wconf 80' lang='lat' dir='ltr'>limi</span> <span class='ocrx_word' id='word_1_95' title='bbox 1316 1210 1353 1258; x_wconf 88' lang='lat' dir='ltr'>ac</span> <span class='ocrx_word' id='word_1_96' title='bbox 1370 1191 1440 1256; x_wconf 79' lang='lat' dir='ltr'>Rmi</span> 
     </span>
     <span class='ocr_line' id='line_1_11' title="bbox 200 1295 1440 1380; baseline 0.001 -20"><span class='ocrx_word' id='word_1_97' title='bbox 200 1296 260 1360; x_wconf 89' lang='lat' dir='ltr'>llni</span> <span class='ocrx_word' id='word_1_98' title='bbox 283 1295 462 1363; x_wconf 81' lang='lat' dir='ltr'>Cordinales</span> <span class='ocrx_word' id='word_1_99' title='bbox 484 1295 517 1380; x_wconf 91' lang='lat' dir='ltr'>in</span> <span class='ocrx_word' id='word_1_100' title='bbox 540 1296 633 1360; x_wconf 89' lang='lat' dir='ltr'>rebus</span> <span class='ocrx_word' id='word_1_101' title='bbox 652 1295 722 1361; x_wconf 88' lang='lat' dir='ltr'>tidei</span> <span class='ocrx_word' id='word_1_102' title='bbox 747 1299 779 1362; x_wconf 93' lang='lat' dir='ltr'>et</span> <span class='ocrx_word' id='word_1_103' title='bbox 798 1314 917 1362; x_wconf 90' lang='lat' dir='ltr'>morum</span> <span class='ocrx_word' id='word_1_104' title='bbox 934 1295 1102 1362; x_wconf 83' lang='lat' dir='ltr'>Genereles</span> <span class='ocrx_word' id='word_1_105' title='bbox 1118 1296 1234 1380; x_wconf 88' lang='lat' dir='ltr'>inquis.</span> <span class='ocrx_word' id='word_1_106' title='bbox 1252 1296 1440 1380; x_wconf 85' lang='lat' dir='ltr'>responden·</span> 
     </span>
     <span class='ocr_line' id='line_1_12' title="bbox 198 1399 1442 1479; baseline 0.002 -15"><span class='ocrx_word' id='word_1_107' title='bbox 198 1401 271 1465; x_wconf 89' lang='lat' dir='ltr'>dum</span> <span class='ocrx_word' id='word_1_108' title='bbox 294 1399 498 1466; x_wconf 86' lang='lat' dir='ltr'>mandarunt:</span> <span class='ocrx_word' id='word_1_109' title='bbox 522 1399 713 1466; x_wconf 81' lang='lat' dir='ltr'>ordinarios</span> <span class='ocrx_word' id='word_1_110' title='bbox 734 1399 884 1479; x_wconf 83' lang='lat' dir='ltr'>iocorum,</span> <span class='ocrx_word' id='word_1_111' title='bbox 907 1401 939 1466; x_wconf 84' lang='lat' dir='ltr'>vi</span> <span class='ocrx_word' id='word_1_112' title='bbox 959 1399 1087 1467; x_wconf 85' lang='lat' dir='ltr'>Deercti</span> <span class='ocrx_word' id='word_1_113' title='bbox 1105 1399 1171 1466; x_wconf 82' lang='lat' dir='ltr'>diei</span> <span class='ocrx_word' id='word_1_114' title='bbox 1190 1405 1244 1467; x_wconf 81' lang='lat'>20.</span> <span class='ocrx_word' id='word_1_115' title='bbox 1268 1399 1442 1466; x_wconf 78' lang='lat' dir='ltr'>Februarii</span> 
     </span>
     <span class='ocr_line' id='line_1_13' title="bbox 197 1503 1441 1588; baseline -0.003 -14"><span class='ocrx_word' id='word_1_116' title='bbox 197 1509 295 1584; x_wconf 85' lang='grc'><em>1888,</em></span> <span class='ocrx_word' id='word_1_117' title='bbox 319 1505 356 1571; x_wconf 87' lang='lat' dir='ltr'>in</span> <span class='ocrx_word' id='word_1_118' title='bbox 374 1511 502 1586; x_wconf 76' lang='lat' dir='ltr'>ntroqrie</span> <span class='ocrx_word' id='word_1_119' title='bbox 524 1523 600 1570; x_wconf 81' lang='lat' dir='ltr'>casn</span> <span class='ocrx_word' id='word_1_120' title='bbox 623 1504 720 1570; x_wconf 84' lang='lat' dir='ltr'>allato</span> <span class='ocrx_word' id='word_1_121' title='bbox 741 1503 926 1586; x_wconf 83' lang='lat' dir='ltr'>dispensare</span> <span class='ocrx_word' id='word_1_122' title='bbox 945 1525 1045 1588; x_wconf 84' lang='lat' dir='ltr'>posse,</span> <span class='ocrx_word' id='word_1_123' title='bbox 1069 1511 1098 1570; x_wconf 86' lang='lat' dir='ltr'>et</span> <span class='ocrx_word' id='word_1_124' title='bbox 1118 1506 1153 1570; x_wconf 84' lang='lat' dir='ltr'>in</span> <span class='ocrx_word' id='word_1_125' title='bbox 1175 1511 1301 1588; x_wconf 73' lang='lat' dir='ltr'>utroque</span> <span class='ocrx_word' id='word_1_126' title='bbox 1317 1505 1441 1586; x_wconf 78' lang='lat' dir='ltr'>pariter</span> 
     </span>
     <span class='ocr_line' id='line_1_14' title="bbox 196 1607 1440 1693; baseline -0.002 -17"><span class='ocrx_word' id='word_1_127' title='bbox 196 1609 229 1676; x_wconf 80' lang='lat' dir='ltr'>S.</span> <span class='ocrx_word' id='word_1_128' title='bbox 253 1607 461 1693; x_wconf 80' lang='lat' dir='ltr'>(lonprepnem</span> <span class='ocrx_word' id='word_1_129' title='bbox 481 1608 513 1675; x_wconf 82' lang='lat' dir='ltr'>S.</span> <span class='ocrx_word' id='word_1_130' title='bbox 535 1607 644 1690; x_wconf 70' lang='lat' dir='ltr'>Officii</span> <span class='ocrx_word' id='word_1_131' title='bbox 671 1609 710 1676; x_wconf 82' lang='lat' dir='ltr'>de</span> <span class='ocrx_word' id='word_1_132' title='bbox 733 1610 892 1691; x_wconf 73' lang='lat' dir='ltr'>impericia</span> <span class='ocrx_word' id='word_1_133' title='bbox 922 1609 1154 1692; x_wconf 81' lang='lat' dir='ltr'>dispensatione</span> <span class='ocrx_word' id='word_1_134' title='bbox 1183 1611 1346 1675; x_wconf 80' lang='lat' dir='ltr'>certiorem</span> <span class='ocrx_word' id='word_1_135' title='bbox 1367 1609 1440 1674; x_wconf 83' lang='lat' dir='ltr'>red·</span> 
     </span>
     <span class='ocr_line' id='line_1_15' title="bbox 196 1712 1440 1798; baseline 0.002 -20"><span class='ocrx_word' id='word_1_136' title='bbox 196 1713 285 1793; x_wconf 82' lang='lat' dir='ltr'>dere,</span> <span class='ocrx_word' id='word_1_137' title='bbox 308 1732 346 1778; x_wconf 88' lang='lat' dir='ltr'>ae</span> <span class='ocrx_word' id='word_1_138' title='bbox 368 1733 406 1778; x_wconf 86' lang='lat' dir='ltr'>ea</span> <span class='ocrx_word' id='word_1_139' title='bbox 425 1713 550 1779; x_wconf 84' lang='lat' dir='ltr'>interim</span> <span class='ocrx_word' id='word_1_140' title='bbox 569 1733 682 1778; x_wconf 80' lang='lat' dir='ltr'>curare</span> <span class='ocrx_word' id='word_1_141' title='bbox 703 1712 830 1789; x_wconf 82' lang='lat' dir='ltr'>debere,</span> <span class='ocrx_word' id='word_1_142' title='bbox 858 1733 937 1796; x_wconf 77' lang='lat' dir='ltr'>quoe</span> <span class='ocrx_word' id='word_1_143' title='bbox 957 1713 995 1778; x_wconf 90' lang='lat' dir='ltr'>in</span> <span class='ocrx_word' id='word_1_144' title='bbox 1015 1713 1120 1778; x_wconf 85' lang='lat' dir='ltr'>eodem</span> <span class='ocrx_word' id='word_1_145' title='bbox 1141 1712 1260 1779; x_wconf 80' lang='lat' dir='ltr'>decreto</span> <span class='ocrx_word' id='word_1_146' title='bbox 1277 1715 1440 1798; x_wconf 83' lang='lat' dir='ltr'>praescri·</span> 
     </span>
     <span class='ocr_line' id='line_1_16' title="bbox 197 1814 1439 1900; baseline -0.001 -17"><span class='ocrx_word' id='word_1_147' title='bbox 197 1818 322 1883; x_wconf 85' lang='lat' dir='ltr'>bnntnr.</span> <span class='ocrx_word' id='word_1_148' title='bbox 351 1814 498 1900; x_wconf 87' lang='lat' dir='ltr'>Sequenti</span> <span class='ocrx_word' id='word_1_149' title='bbox 523 1835 592 1883; x_wconf 83' lang='lat' dir='ltr'>uero</span> <span class='ocrx_word' id='word_1_150' title='bbox 615 1815 664 1882; x_wconf 90' lang='lat' dir='ltr'>die</span> <span class='ocrx_word' id='word_1_151' title='bbox 685 1815 798 1882; x_wconf 80' lang='lat' dir='ltr'>SSmus</span> <span class='ocrx_word' id='word_1_152' title='bbox 822 1816 858 1884; x_wconf 88' lang='lat' dir='ltr'>D.</span> <span class='ocrx_word' id='word_1_153' title='bbox 881 1816 919 1882; x_wconf 87' lang='lat' dir='ltr'>N.</span> <span class='ocrx_word' id='word_1_154' title='bbox 944 1816 1004 1882; x_wconf 82' lang='lat' dir='ltr'>Leo</span> <span class='ocrx_word' id='word_1_155' title='bbox 1024 1816 1085 1884; x_wconf 81' lang='lat' dir='ltr'>div.</span> <span class='ocrx_word' id='word_1_156' title='bbox 1107 1835 1190 1900; x_wconf 80' lang='lat' dir='ltr'>prov.</span> <span class='ocrx_word' id='word_1_157' title='bbox 1216 1817 1269 1900; x_wconf 89' lang='lat' dir='ltr'>Pp.</span> <span class='ocrx_word' id='word_1_158' title='bbox 1294 1815 1382 1883; x_wconf 86' lang='lat' dir='ltr'>Xlll.</span> <span class='ocrx_word' id='word_1_159' title='bbox 1405 1817 1439 1882; x_wconf 92' lang='lat' dir='ltr'>in</span> 
     </span>
     <span class='ocr_line' id='line_1_17' title="bbox 197 1919 1436 2004; baseline 0.001 -19"><span class='ocrx_word' id='word_1_160' title='bbox 197 1921 357 1986; x_wconf 82' lang='lat' dir='ltr'>audientia</span> <span class='ocrx_word' id='word_1_161' title='bbox 381 1921 415 1986; x_wconf 85' lang='lat' dir='ltr'>R.</span> <span class='ocrx_word' id='word_1_162' title='bbox 441 1921 473 1984; x_wconf 93' lang='lat' dir='ltr'>P.</span> <span class='ocrx_word' id='word_1_163' title='bbox 500 1919 534 1984; x_wconf 82' lang='lat' dir='ltr'>b.</span> <span class='ocrx_word' id='word_1_164' title='bbox 559 1919 716 1986; x_wconf 82' lang='lat' dir='ltr'>Adsessori</span> <span class='ocrx_word' id='word_1_165' title='bbox 741 1919 770 1989; x_wconf 86' lang='lat' dir='ltr'>S.</span> <span class='ocrx_word' id='word_1_166' title='bbox 794 1919 830 1986; x_wconf 91' lang='lat'>0.</span> <span class='ocrx_word' id='word_1_167' title='bbox 852 1920 1024 2004; x_wconf 88' lang='lat' dir='ltr'>impertita,</span> <span class='ocrx_word' id='word_1_168' title='bbox 1053 1922 1185 1986; x_wconf 89' lang='lat' dir='ltr'>relatam</span> <span class='ocrx_word' id='word_1_169' title='bbox 1208 1920 1268 1986; x_wconf 92' lang='lat' dir='ltr'>sibi</span> <span class='ocrx_word' id='word_1_170' title='bbox 1290 1921 1436 1987; x_wconf 81' lang='lat' dir='ltr'>limorum</span> 
     </span>
    </p>
   </div>
   <div class='ocr_carea' id='block_1_5' title="bbox 198 2024 1334 2208">
    <p class='ocr_par' dir='ltr' id='par_1_6' title="bbox 198 2024 1334 2208">
     <span class='ocr_line' id='line_1_18' title="bbox 198 2024 1159 2110; baseline 0 -20"><span class='ocrx_word' id='word_1_171' title='bbox 198 2025 325 2092; x_wconf 88' lang='lat' dir='ltr'>Petrum</span> <span class='ocrx_word' id='word_1_172' title='bbox 348 2024 564 2090; x_wconf 83' lang='lat' dir='ltr'>resolutionem</span> <span class='ocrx_word' id='word_1_173' title='bbox 589 2025 719 2110; x_wconf 84' lang='lat' dir='ltr'>benigue</span> <span class='ocrx_word' id='word_1_174' title='bbox 741 2024 910 2108; x_wconf 89' lang='lat' dir='ltr'>adprobare</span> <span class='ocrx_word' id='word_1_175' title='bbox 933 2025 1080 2110; x_wconf 84' lang='lat' dir='ltr'>dignatus</span> <span class='ocrx_word' id='word_1_176' title='bbox 1102 2028 1159 2090; x_wconf 87' lang='lat' dir='ltr'>est.</span> 
     </span>
     <span class='ocr_line' id='line_1_19' title="bbox 741 2127 1334 2208; baseline 0 -12"><span class='ocrx_word' id='word_1_177' title='bbox 741 2127 773 2196; x_wconf 89' lang='lat' dir='ltr'>J.</span> <span class='ocrx_word' id='word_1_178' title='bbox 796 2130 957 2208; x_wconf 81' lang='lat' dir='ltr'>Mancini,</span> <span class='ocrx_word' id='word_1_179' title='bbox 979 2128 1008 2196; x_wconf 89' lang='lat' dir='ltr'>S.</span> <span class='ocrx_word' id='word_1_180' title='bbox 1034 2129 1070 2196; x_wconf 83' lang='lat' dir='ltr'>B.</span> <span class='ocrx_word' id='word_1_181' title='bbox 1095 2133 1127 2194; x_wconf 88' lang='lat' dir='ltr'>et</span> <span class='ocrx_word' id='word_1_182' title='bbox 1150 2129 1187 2196; x_wconf 88' lang='lat' dir='ltr'>U.</span> <span class='ocrx_word' id='word_1_183' title='bbox 1211 2128 1237 2197; x_wconf 91' lang='lat' dir='ltr'>l.</span> <span class='ocrx_word' id='word_1_184' title='bbox 1260 2129 1334 2196; x_wconf 83' lang='lat' dir='ltr'>Not.</span> 
     </span>
    </p>
   </div>
   <div class='ocr_carea' id='block_1_6' title="bbox 248 2285 1393 2473">
    <p class='ocr_par' dir='ltr' id='par_1_7' title="bbox 248 2285 1393 2473">
     <span class='ocr_line' id='line_1_20' title="bbox 248 2285 1393 2370; baseline 0.003 -19"><span class='ocrx_word' id='word_1_185' title='bbox 248 2290 278 2354; x_wconf 84' lang='lat'>6.</span> <span class='ocrx_word' id='word_1_186' title='bbox 313 2285 510 2368; x_wconf 75' lang='lat' dir='ltr'>Responsum</span> <span class='ocrx_word' id='word_1_187' title='bbox 531 2285 619 2351; x_wconf 84' lang='lat' dir='ltr'>cirea</span> <span class='ocrx_word' id='word_1_188' title='bbox 640 2287 746 2351; x_wconf 84' lang='lat' dir='ltr'>vinnm</span> <span class='ocrx_word' id='word_1_189' title='bbox 767 2285 800 2350; x_wconf 86' lang='lat' dir='ltr'>in</span> <span class='ocrx_word' id='word_1_190' title='bbox 821 2287 938 2352; x_wconf 83' lang='lat' dir='ltr'>missae</span> <span class='ocrx_word' id='word_1_191' title='bbox 957 2285 1114 2369; x_wconf 77' lang='lat' dir='ltr'>sacrificio</span> <span class='ocrx_word' id='word_1_192' title='bbox 1137 2285 1348 2353; x_wconf 68' lang='lat' dir='ltr'>colendum</span> <span class='ocrx_word' id='word_1_193' title='bbox 1359 2287 1393 2370; x_wconf 88' lang='lat'>¹).</span> 
     </span>
     <span class='ocr_line' id='line_1_21' title="bbox 456 2405 870 2473; baseline -0.002 0"><span class='ocrx_word' id='word_1_194' title='bbox 456 2405 546 2473; x_wconf 92' lang='lat' dir='ltr'>lllroe</span> <span class='ocrx_word' id='word_1_195' title='bbox 568 2424 604 2472; x_wconf 91' lang='lat' dir='ltr'>ac</span> <span class='ocrx_word' id='word_1_196' title='bbox 629 2407 706 2473; x_wconf 78' lang='lat' dir='ltr'>lime</span> <span class='ocrx_word' id='word_1_197' title='bbox 732 2405 870 2472; x_wconf 89' lang='lat' dir='ltr'>Domine.</span> 
     </span>
    </p>
   </div>
   <div class='ocr_carea' id='block_1_7' title="bbox 194 2528 1439 3863">
    <p class='ocr_par' dir='ltr' id='par_1_8' title="bbox 194 2528 1439 3237">
     <span class='ocr_line' id='line_1_22' title="bbox 301 2528 1436 2613; baseline 0.001 -20"><span class='ocrx_word' id='word_1_198' title='bbox 301 2528 447 2594; x_wconf 87' lang='lat' dir='ltr'>Precibus</span> <span class='ocrx_word' id='word_1_199' title='bbox 469 2529 509 2594; x_wconf 93' lang='lat' dir='ltr'>ab</span> <span class='ocrx_word' id='word_1_200' title='bbox 532 2528 747 2612; x_wconf 73' lang='lat' dir='ltr'>Amplitudino</span> <span class='ocrx_word' id='word_1_201' title='bbox 769 2529 835 2594; x_wconf 88' lang='lat' dir='ltr'>&#39;lua</span> <span class='ocrx_word' id='word_1_202' title='bbox 855 2528 1077 2595; x_wconf 89' lang='lat' dir='ltr'>commendatis</span> <span class='ocrx_word' id='word_1_203' title='bbox 1093 2529 1132 2596; x_wconf 89' lang='lat' dir='ltr'>N.</span> <span class='ocrx_word' id='word_1_204' title='bbox 1149 2528 1188 2595; x_wconf 88' lang='lat' dir='ltr'>N.</span> <span class='ocrx_word' id='word_1_205' title='bbox 1205 2529 1341 2612; x_wconf 82' lang='lat' dir='ltr'>exposito</span> <span class='ocrx_word' id='word_1_206' title='bbox 1356 2529 1436 2613; x_wconf 90' lang='lat' dir='ltr'>quod</span> 
     </span>
     <span class='ocr_line' id='line_1_23' title="bbox 197 2632 1439 2716; baseline 0.002 -19"><span class='ocrx_word' id='word_1_207' title='bbox 197 2632 301 2698; x_wconf 88' lang='lat' dir='ltr'>vinum</span> <span class='ocrx_word' id='word_1_208' title='bbox 326 2632 430 2711; x_wconf 89' lang='lat' dir='ltr'>dulce,</span> <span class='ocrx_word' id='word_1_209' title='bbox 455 2633 535 2716; x_wconf 89' lang='lat' dir='ltr'>quod</span> <span class='ocrx_word' id='word_1_210' title='bbox 559 2652 613 2716; x_wconf 95' lang='lat' dir='ltr'>pro</span> <span class='ocrx_word' id='word_1_211' title='bbox 637 2633 753 2698; x_wconf 83' lang='lat' dir='ltr'>Missas</span> <span class='ocrx_word' id='word_1_212' title='bbox 775 2633 925 2698; x_wconf 89' lang='lat' dir='ltr'>seorilicio</span> <span class='ocrx_word' id='word_1_213' title='bbox 945 2632 1085 2699; x_wconf 83' lang='lat' dir='ltr'>adbiberi</span> <span class='ocrx_word' id='word_1_214' title='bbox 1108 2633 1203 2710; x_wconf 88' lang='lat' dir='ltr'>solet,</span> <span class='ocrx_word' id='word_1_215' title='bbox 1230 2634 1262 2697; x_wconf 90' lang='lat' dir='ltr'>iu</span> <span class='ocrx_word' id='word_1_216' title='bbox 1286 2633 1439 2716; x_wconf 84' lang='lat' dir='ltr'>Hispania</span> 
     </span>
     <span class='ocr_line' id='line_1_24' title="bbox 196 2736 1437 2820; baseline 0.001 -18"><span class='ocrx_word' id='word_1_217' title='bbox 196 2737 337 2820; x_wconf 89' lang='lat' dir='ltr'>spiritum</span> <span class='ocrx_word' id='word_1_218' title='bbox 363 2737 445 2802; x_wconf 88' lang='lat' dir='ltr'>ultra</span> <span class='ocrx_word' id='word_1_219' title='bbox 467 2737 694 2820; x_wconf 86' lang='lat' dir='ltr'>proportionem</span> <span class='ocrx_word' id='word_1_220' title='bbox 717 2737 878 2804; x_wconf 85' lang='lat' dir='ltr'>duodecim</span> <span class='ocrx_word' id='word_1_221' title='bbox 903 2756 956 2820; x_wconf 93' lang='lat' dir='ltr'>pro</span> <span class='ocrx_word' id='word_1_222' title='bbox 979 2740 1102 2803; x_wconf 89' lang='lat' dir='ltr'>eentum</span> <span class='ocrx_word' id='word_1_223' title='bbox 1127 2736 1313 2803; x_wconf 81' lang='lat' dir='ltr'>naturaliter</span> <span class='ocrx_word' id='word_1_224' title='bbox 1335 2739 1437 2804; x_wconf 91' lang='lat' dir='ltr'>conti·</span> 
     </span>
     <span class='ocr_line' id='line_1_25' title="bbox 196 2841 1438 2926; baseline 0 -20"><span class='ocrx_word' id='word_1_225' title='bbox 196 2845 257 2920; x_wconf 79' lang='lat' dir='ltr'>net,</span> <span class='ocrx_word' id='word_1_226' title='bbox 282 2842 441 2926; x_wconf 86' lang='lat' dir='ltr'>sequentia</span> <span class='ocrx_word' id='word_1_227' title='bbox 463 2841 558 2906; x_wconf 91' lang='lat' dir='ltr'>dubia</span> <span class='ocrx_word' id='word_1_228' title='bbox 581 2841 726 2908; x_wconf 83' lang='lat' dir='ltr'>solvenda</span> <span class='ocrx_word' id='word_1_229' title='bbox 747 2842 954 2926; x_wconf 87' lang='lat' dir='ltr'>proponebat:</span> <span class='ocrx_word' id='word_1_230' title='bbox 979 2878 1019 2890; x_wconf 89' lang='lat'>-</span> <span class='ocrx_word' id='word_1_231' title='bbox 1045 2842 1078 2907; x_wconf 83' lang='lat'>1⁰</span> <span class='ocrx_word' id='word_1_232' title='bbox 1103 2841 1211 2908; x_wconf 89' lang='lat' dir='ltr'>Utrum</span> <span class='ocrx_word' id='word_1_233' title='bbox 1235 2841 1340 2908; x_wconf 86' lang='lat' dir='ltr'>decern</span> <span class='ocrx_word' id='word_1_234' title='bbox 1367 2861 1438 2926; x_wconf 91' lang='lat' dir='ltr'>par-</span> 
     </span>
     <span class='ocr_line' id='line_1_26' title="bbox 194 2945 1438 3031; baseline -0.002 -19"><span class='ocrx_word' id='word_1_235' title='bbox 194 2946 273 3012; x_wconf 90' lang='lat' dir='ltr'>tium</span> <span class='ocrx_word' id='word_1_236' title='bbox 296 2945 423 3030; x_wconf 88' lang='lat' dir='ltr'>spiritus</span> <span class='ocrx_word' id='word_1_237' title='bbox 445 2964 498 3029; x_wconf 89' lang='lat' dir='ltr'>pro</span> <span class='ocrx_word' id='word_1_238' title='bbox 518 2948 641 3010; x_wconf 88' lang='lat' dir='ltr'>centum</span> <span class='ocrx_word' id='word_1_239' title='bbox 665 2946 842 3011; x_wconf 86' lang='lat' dir='ltr'>commixtio</span> <span class='ocrx_word' id='word_1_240' title='bbox 858 2947 893 3012; x_wconf 96' lang='lat' dir='ltr'>ut</span> <span class='ocrx_word' id='word_1_241' title='bbox 908 2965 944 3011; x_wconf 84' lang='lat' dir='ltr'>ex</span> <span class='ocrx_word' id='word_1_242' title='bbox 959 2945 1147 3031; x_wconf 84' lang='lat' dir='ltr'>experientia</span> <span class='ocrx_word' id='word_1_243' title='bbox 1161 2949 1292 3024; x_wconf 88' lang='lat' dir='ltr'>constat,</span> <span class='ocrx_word' id='word_1_244' title='bbox 1314 2946 1438 3012; x_wconf 88' lang='lat' dir='ltr'>omnino</span> 
     </span>
     <span class='ocr_line' id='line_1_27' title="bbox 194 3049 1436 3134; baseline 0.001 -19"><span class='ocrx_word' id='word_1_245' title='bbox 194 3049 233 3116; x_wconf 89' lang='lat' dir='ltr'>ad</span> <span class='ocrx_word' id='word_1_246' title='bbox 251 3049 313 3115; x_wconf 88' lang='lat' dir='ltr'>vini</span> <span class='ocrx_word' id='word_1_247' title='bbox 329 3049 428 3115; x_wconf 90' lang='lat' dir='ltr'>dulcis</span> <span class='ocrx_word' id='word_1_248' title='bbox 444 3050 705 3116; x_wconf 80' lang='lat' dir='ltr'>conseruationem</span> <span class='ocrx_word' id='word_1_249' title='bbox 720 3051 890 3116; x_wconf 87' lang='lat' dir='ltr'>necessaria</span> <span class='ocrx_word' id='word_1_250' title='bbox 901 3050 1075 3116; x_wconf 79' lang='lat' dir='ltr'>continmui</span> <span class='ocrx_word' id='word_1_251' title='bbox 1090 3050 1210 3134; x_wconf 79' lang='lat' dir='ltr'>possiti</span> <span class='ocrx_word' id='word_1_252' title='bbox 1229 3087 1262 3098; x_wconf 94' lang='lat'>-</span> <span class='ocrx_word' id='word_1_253' title='bbox 1278 3052 1314 3114; x_wconf 84' lang='lat'>2⁰</span> <span class='ocrx_word' id='word_1_254' title='bbox 1327 3050 1436 3116; x_wconf 88' lang='lat' dir='ltr'>Utrum</span> 
     </span>
     <span class='ocr_line' id='line_1_28' title="bbox 194 3151 1383 3237; baseline -0.004 -18"><span class='ocrx_word' id='word_1_255' title='bbox 194 3155 298 3220; x_wconf 87' lang='lat' dir='ltr'>vinum</span> <span class='ocrx_word' id='word_1_256' title='bbox 323 3154 368 3219; x_wconf 82' lang='lat' dir='ltr'>its</span> <span class='ocrx_word' id='word_1_257' title='bbox 390 3151 564 3220; x_wconf 84' lang='lat' dir='ltr'>coniectum</span> <span class='ocrx_word' id='word_1_258' title='bbox 586 3152 726 3219; x_wconf 87' lang='lat' dir='ltr'>adhiberi</span> <span class='ocrx_word' id='word_1_259' title='bbox 750 3155 846 3237; x_wconf 92' lang='lat' dir='ltr'>possit</span> <span class='ocrx_word' id='word_1_260' title='bbox 868 3154 900 3220; x_wconf 93' lang='lat' dir='ltr'>io</span> <span class='ocrx_word' id='word_1_261' title='bbox 926 3154 1041 3220; x_wconf 84' lang='lat' dir='ltr'>Missas</span> <span class='ocrx_word' id='word_1_262' title='bbox 1064 3154 1240 3220; x_wconf 70' lang='lat' dir='ltr'>sacrificio?</span> <span class='ocrx_word' id='word_1_263' title='bbox 1381 3209 1383 3214; x_wconf 79' lang='grc'>,</span> 
     </span>
    </p>

    <p class='ocr_par' dir='ltr' id='par_1_9' title="bbox 195 3257 1437 3551">
     <span class='ocr_line' id='line_1_29' title="bbox 300 3257 1437 3344; baseline 0.002 -21"><span class='ocrx_word' id='word_1_264' title='bbox 300 3257 344 3323; x_wconf 84' lang='lat' dir='ltr'>Re</span> <span class='ocrx_word' id='word_1_265' title='bbox 366 3257 405 3324; x_wconf 86' lang='lat' dir='ltr'>ad</span> <span class='ocrx_word' id='word_1_266' title='bbox 436 3276 562 3322; x_wconf 82' lang='lat' dir='ltr'>examen</span> <span class='ocrx_word' id='word_1_267' title='bbox 593 3261 702 3324; x_wconf 87' lang='lat' dir='ltr'>vocata</span> <span class='ocrx_word' id='word_1_268' title='bbox 734 3259 763 3322; x_wconf 89' lang='lat' dir='ltr'>in</span> <span class='ocrx_word' id='word_1_269' title='bbox 796 3258 1042 3344; x_wconf 76' lang='lat' dir='ltr'>congregatione</span> <span class='ocrx_word' id='word_1_270' title='bbox 1074 3259 1182 3325; x_wconf 85' lang='lat' dir='ltr'>habita</span> <span class='ocrx_word' id='word_1_271' title='bbox 1212 3258 1288 3324; x_wconf 85' lang='lat' dir='ltr'>ieris</span> <span class='ocrx_word' id='word_1_272' title='bbox 1307 3259 1363 3324; x_wconf 88' lang='lat' dir='ltr'>1v.</span> <span class='ocrx_word' id='word_1_273' title='bbox 1386 3258 1437 3325; x_wconf 89' lang='lat' dir='ltr'>die</span> 
     </span>
     <span class='ocr_line' id='line_1_30' title="bbox 197 3360 1437 3449; baseline 0.002 -23"><span class='ocrx_word' id='word_1_274' title='bbox 197 3361 237 3426; x_wconf 80' lang='lat'>15</span> <span class='ocrx_word' id='word_1_275' title='bbox 264 3380 342 3429; x_wconf 87' lang='lat' dir='ltr'>eurr.</span> <span class='ocrx_word' id='word_1_276' title='bbox 366 3362 481 3427; x_wconf 88' lang='lat' dir='ltr'>mensis</span> <span class='ocrx_word' id='word_1_277' title='bbox 509 3360 577 3427; x_wconf 76' lang='lat' dir='ltr'>ami</span> <span class='ocrx_word' id='word_1_278' title='bbox 601 3361 662 3428; x_wconf 90' lang='lat' dir='ltr'>Dni</span> <span class='ocrx_word' id='word_1_279' title='bbox 686 3363 776 3428; x_wconf 80' lang='lat' dir='ltr'>Card.</span> <span class='ocrx_word' id='word_1_280' title='bbox 800 3363 1002 3448; x_wconf 89' lang='lat' dir='ltr'>Inquisitores</span> <span class='ocrx_word' id='word_1_281' title='bbox 1032 3381 1094 3428; x_wconf 91' lang='lat' dir='ltr'>ona</span> <span class='ocrx_word' id='word_1_282' title='bbox 1126 3382 1245 3429; x_wconf 86' lang='lat' dir='ltr'>mecum</span> <span class='ocrx_word' id='word_1_283' title='bbox 1276 3362 1437 3449; x_wconf 81' lang='lat' dir='ltr'>generales</span> 
     </span>
     <span class='ocr_line' id='line_1_31' title="bbox 195 3465 1213 3551; baseline 0.005 -21"><span class='ocrx_word' id='word_1_284' title='bbox 195 3466 413 3532; x_wconf 87' lang='lat' dir='ltr'>decreverunt:</span> <span class='ocrx_word' id='word_1_285' title='bbox 437 3465 587 3550; x_wconf 78' lang='lat' dir='ltr'>Nepatioe</span> <span class='ocrx_word' id='word_1_286' title='bbox 608 3468 644 3534; x_wconf 88' lang='lat' dir='ltr'>in</span> <span class='ocrx_word' id='word_1_287' title='bbox 666 3467 778 3534; x_wconf 85' lang='lat' dir='ltr'>ordine</span> <span class='ocrx_word' id='word_1_288' title='bbox 799 3469 843 3534; x_wconf 86' lang='lat' dir='ltr'>od</span> <span class='ocrx_word' id='word_1_289' title='bbox 864 3467 1213 3551; x_wconf 68' lang='lat' dir='ltr'>neocesariensium.</span> 
     </span>
    </p>

    <p class='ocr_par' dir='ltr' id='par_1_10' title="bbox 298 3569 1269 3656">
     <span class='ocr_line' id='line_1_32' title="bbox 298 3569 1269 3656; baseline 0.004 -22"><span class='ocrx_word' id='word_1_290' title='bbox 298 3569 385 3653; x_wconf 82' lang='lat' dir='ltr'>Quod</span> <span class='ocrx_word' id='word_1_291' title='bbox 407 3569 480 3636; x_wconf 89' lang='lat' dir='ltr'>dum</span> <span class='ocrx_word' id='word_1_292' title='bbox 503 3570 654 3656; x_wconf 84' lang='lat' dir='ltr'>significo,</span> <span class='ocrx_word' id='word_1_293' title='bbox 680 3571 779 3637; x_wconf 88' lang='lat' dir='ltr'>Deum</span> <span class='ocrx_word' id='word_1_294' title='bbox 803 3591 908 3656; x_wconf 87' lang='lat' dir='ltr'>precor</span> <span class='ocrx_word' id='word_1_295' title='bbox 930 3575 965 3637; x_wconf 89' lang='lat' dir='ltr'>ut</span> <span class='ocrx_word' id='word_1_296' title='bbox 988 3571 1031 3637; x_wconf 84' lang='lat' dir='ltr'>&#39;I&#39;e</span> <span class='ocrx_word' id='word_1_297' title='bbox 1054 3571 1107 3637; x_wconf 93' lang='lat' dir='ltr'>diu</span> <span class='ocrx_word' id='word_1_298' title='bbox 1129 3573 1269 3656; x_wconf 90' lang='lat' dir='ltr'>sospitet.</span> 
     </span>
    </p>

    <p class='ocr_par' dir='ltr' id='par_1_11' title="bbox 299 3672 490 3758">
     <span class='ocr_line' id='line_1_33' title="bbox 299 3672 490 3758; baseline 0.005 -18"><span class='ocrx_word' id='word_1_299' title='bbox 299 3673 431 3758; x_wconf 81' lang='lat' dir='ltr'>Amplit.</span> <span class='ocrx_word' id='word_1_300' title='bbox 454 3672 490 3742; x_wconf 82' lang='lat' dir='ltr'>T.</span> 
     </span>
    </p>

    <p class='ocr_par' dir='ltr' id='par_1_12' title="bbox 299 3777 816 3863">
     <span class='ocr_line' id='line_1_34' title="bbox 299 3777 816 3863; baseline 0.004 -19"><span class='ocrx_word' id='word_1_301' title='bbox 299 3779 414 3845; x_wconf 83' lang='lat' dir='ltr'>Romae</span> <span class='ocrx_word' id='word_1_302' title='bbox 436 3777 486 3844; x_wconf 85' lang='lat' dir='ltr'>die</span> <span class='ocrx_word' id='word_1_303' title='bbox 511 3778 559 3843; x_wconf 87' lang='lat' dir='ltr'>lii.</span> <span class='ocrx_word' id='word_1_304' title='bbox 580 3778 696 3863; x_wconf 78' lang='lat' dir='ltr'>Aprilis</span> <span class='ocrx_word' id='word_1_305' title='bbox 721 3780 816 3846; x_wconf 81' lang='lat'>1891.</span> 
     </span>
    </p>
   </div>
   <div class='ocr_carea' id='block_1_8' title="bbox 350 3881 1280 4039">
    <p class='ocr_par' dir='ltr' id='par_1_13' title="bbox 350 3881 1280 4039">
     <span class='ocr_line' id='line_1_35' title="bbox 350 3881 754 3949; baseline 0.002 -1"><span class='ocrx_word' id='word_1_306' title='bbox 350 3881 535 3948; x_wconf 78' lang='lat' dir='ltr'>Addictmas</span> <span class='ocrx_word' id='word_1_307' title='bbox 557 3882 589 3948; x_wconf 91' lang='lat' dir='ltr'>in</span> <span class='ocrx_word' id='word_1_308' title='bbox 615 3881 754 3949; x_wconf 86' lang='lat' dir='ltr'>Domino.</span> 
     </span>
     <span class='ocr_line' id='line_1_36' title="bbox 959 3970 1280 4039; baseline 0.009 -3"><span class='ocrx_word' id='word_1_309' title='bbox 959 3970 995 4038; x_wconf 86' lang='lat' dir='ltr'>R.</span> <span class='ocrx_word' id='word_1_310' title='bbox 1019 3970 1109 4039; x_wconf 80' lang='lat' dir='ltr'>(land.</span> <span class='ocrx_word' id='word_1_311' title='bbox 1133 3972 1280 4039; x_wconf 85' lang='lat' dir='ltr'>Menoec.</span> 
     </span>
    </p>
   </div>
   <div class='ocr_carea' id='block_1_9' title="bbox 299 4074 1341 4300">
    <p class='ocr_par' dir='ltr' id='par_1_14' title="bbox 299 4074 1341 4300">
     <span class='ocr_line' id='line_1_37' title="bbox 858 4074 1331 4160; baseline 0.011 -21"><span class='ocrx_word' id='word_1_312' title='bbox 858 4074 935 4140; x_wconf 81' lang='lat' dir='ltr'>lino.</span> <span class='ocrx_word' id='word_1_313' title='bbox 958 4074 1103 4160; x_wconf 81' lang='lat' dir='ltr'>Archiep.</span> <span class='ocrx_word' id='word_1_314' title='bbox 1126 4075 1331 4144; x_wconf 75' lang='lat' dir='ltr'>Tarraconen.</span> 
     </span>
     <span class='ocr_line' id='line_1_38' title="bbox 299 4197 1341 4300; baseline 0.004 -14"><span class='ocrx_word' id='word_1_315' title='bbox 299 4231 325 4300; x_wconf 91' lang='lat'>1)</span> <span class='ocrx_word' id='word_1_316' title='bbox 341 4230 397 4288; x_wconf 76' lang='lat' dir='ltr'>err.</span> <span class='ocrx_word' id='word_1_317' title='bbox 417 4230 504 4288; x_wconf 70' lang='lat' dir='ltr'>smne</span> <span class='ocrx_word' id='word_1_318' title='bbox 523 4197 661 4287; x_wconf 70' lang='lat' dir='ltr'>rorem</span> <span class='ocrx_word' id='word_1_319' title='bbox 678 4229 742 4288; x_wconf 83' lang='lat' dir='ltr'>aa.</span> <span class='ocrx_word' id='word_1_320' title='bbox 759 4230 802 4288; x_wconf 91' lang='lat' dir='ltr'>so.</span> <span class='ocrx_word' id='word_1_321' title='bbox 820 4231 890 4289; x_wconf 81' lang='lat' dir='ltr'>seu</span> <span class='ocrx_word' id='word_1_322' title='bbox 908 4230 976 4290; x_wconf 86' lang='lat' dir='ltr'>raoo</span> <span class='ocrx_word' id='word_1_323' title='bbox 992 4232 1032 4288; x_wconf 77' lang='lat' dir='ltr'>rm</span> <span class='ocrx_word' id='word_1_324' title='bbox 1050 4235 1163 4290; x_wconf 66' lang='lat' dir='ltr'>erroro</span> <span class='ocrx_word' id='word_1_325' title='bbox 1181 4231 1262 4290; x_wconf 83' lang='lat' dir='ltr'>cxv.</span> <span class='ocrx_word' id='word_1_326' title='bbox 1282 4232 1341 4290; x_wconf 82' lang='lat' dir='ltr'>rea</span> 
     </span>
    </p>
   </div>
   <div class='ocr_carea' id='block_1_10' title="bbox 0 0 1608 4768">
    <p class='ocr_par' dir='ltr' id='par_1_15' title="bbox 0 0 1608 4768">
     <span class='ocr_line' id='line_1_39' title="bbox 0 0 1608 4768; baseline 0 2"><span class='ocrx_word' id='word_1_327' title='bbox 0 0 1608 4768; x_wconf 95' lang='lat' dir='ltr'> </span> 
     </span>
    </p>
   </div>
  </div>
 </body>
</html>
