3194 4776
170 199 203 254 F.
215 200 341 268 Kayser,
353 200 418 256 Aue
427 199 496 254 dam
506 197 766 267 sapuere-nocue
776 201 829 253 des
843 197 958 254 Daton.
969 197 1284 256 Hasciccb15.dets.
1328 181 1389 248 237

147 373 256 440 biliter
277 374 310 438 et
331 371 419 436 firme
441 371 614 448 observare,
638 371 742 436 tenere
765 371 797 434 et
821 369 933 436 bebere
955 369 1060 448 vellet,
1084 369 1155 436 dolo
1175 373 1268 456 atque
1283 371 1391 438 froude

147 477 272 560 penitus
294 477 326 541 et
345 476 379 540 in
402 477 468 540 toto
491 474 618 540 semotis
642 477 674 539 et
697 473 836 539 exclusis.

253 584 284 662 ξ.
307 581 338 644 2.
362 579 440 644 Item
462 577 542 663 quod
568 579 690 662 quando
714 577 863 642 decanum
887 597 941 661 per
961 577 1060 644 dictos
1076 579 1246 646 confratres
1262 581 1391 664 capituli

149 686 187 750 de
211 685 399 768 praescripto
421 700 457 748 ex
481 685 580 748 morte
602 683 657 748 aut
679 682 777 748 libere
800 682 1009 766 resignatione
1026 681 1134 748 decani
1151 685 1319 766 praesentis
1337 691 1392 751 aut

147 789 277 855 alterins
295 789 503 871 cuiuscunque
520 805 724 854 antecessorem
740 786 1007 870 supervenientem
1031 787 1145 870 ellgere
1171 789 1219 853 vel
1240 788 1271 854 in
1294 787 1392 872 ipsius

148 895 250 960 locum
274 911 436 976 sarrogrre
458 895 492 956 et
514 891 589 974 ipsis
618 891 783 976 praeficere
813 891 996 974 contigerit,
1029 890 1109 975 quod
1134 892 1192 974 ipsi
1224 893 1392 960 confratres

148 999 261 1064 extunc
282 1014 341 1062 non
364 996 492 1081 eligant,
516 998 678 1080 snrrngent
702 997 757 1061 aut
777 995 957 1078 praeficiant
979 995 1111 1062 scienter
1135 996 1315 1080 indignum,
1339 998 1391 1063 sed

149 1100 364 1168 tantummodo
386 1119 467 1178 eum,
490 1118 581 1183 quem
604 1099 734 1166 credunt
757 1100 832 1182 ipsis
855 1103 888 1164 et
902 1100 986 1166 dioto
1002 1101 1140 1184 capitulo
1157 1099 1220 1166 lore
1237 1101 1392 1168 utiliorem

148 1209 182 1273 et
202 1207 304 1289 magis
327 1205 494 1288 proficuum
519 1207 552 1271 et
573 1204 630 1270 sub
653 1204 841 1270 conscientia
865 1222 941 1287 pura
970 1205 1003 1270 et
1033 1205 1129 1284 bona,
1163 1205 1248 1283 odio,
1280 1206 1393 1284 farore,

148 1309 416 1390 subordinatione,
446 1307 572 1386 fraude,
604 1308 690 1388 dolo,
719 1309 831 1374 timore
860 1311 892 1374 et
920 1309 1110 1394 quibuslibet
1132 1309 1202 1376 aliis
1225 1311 1394 1376 obstaculis

148 1415 290 1492 exclusis,
312 1414 500 1498 postergatis
519 1415 551 1478 et
573 1413 700 1478 semotis
722 1413 845 1496 penitus
869 1415 901 1478 et
923 1413 955 1478 in
978 1415 1055 1478 toto.

253 1518 283 1602 §-
306 1519 336 1584 3.
358 1517 437 1584 Item
459 1516 538 1601 quod
555 1517 593 1582 ad
611 1517 788 1600 eligendum
804 1515 966 1596 decanum,
990 1518 1071 1582 sicut
1087 1518 1308 1601 praemittitur,
1335 1537 1394 1584 non

148 1624 297 1707 intersint
317 1639 372 1688 neo
395 1623 560 1688 evocentur
584 1621 643 1686 nisi
667 1621 789 1704 plebani
812 1622 887 1688 dicti
910 1621 1040 1704 capituli
1063 1622 1116 1705 qui
1140 1623 1200 1686 buc
1222 1641 1317 1706 usqne
1340 1622 1393 1688 de-

149 1747 261 1796 cenum
287 1727 459 1792 babuerunt
481 1725 615 1810 eligere,
641 1728 673 1790 et
703 1725 805 1791 nullus
828 1726 1087 1810 primissariorum
1111 1724 1318 1810 cuiuscunque
1340 1746 1394 1810 pa·

149 1833 273 1900 roobiae
296 1837 351 1898 aut
373 1831 533 1915 plebauiae
555 1829 631 1895 dicti
654 1829 792 1913 capituli,
817 1829 1017 1913 primissariie
1038 1831 1069 1896 in
1086 1830 1293 1914 Kungespach
1314 1835 1347 1897 et
1362 1831 1394 1898 in

151 1937 242 2003 b'orst
264 1937 414 2002 duntaxat
433 1935 578 2018 exceptis,
598 1934 651 2018 qni
674 1934 769 2000 etiem
793 1934 942 2000 hactenus
965 1935 1002 1999 ad
1024 1935 1245 2018 praescriptam
1265 1936 1392 2002 electio·

149 2059 221 2108 nem
244 2039 351 2106 decani
373 2057 493 2122 semper
515 2041 739 2106 consueverunt
758 2039 895 2115 evocari;
919 2039 1010 2104 etde
1033 2039 1182 2104 electione
1198 2038 1392 2106 deffinitoris.

255 2145 284 2228 fl.
307 2149 338 2211 4.
362 2143 441 2210 Item
464 2143 545 2227 qnod
568 2145 641 2208 ante
664 2143 768 2210 omnia
790 2145 823 2208 et
844 2149 1010 2227 autequam
1027 2143 1139 2227 aliquis
1155 2143 1344 2226 suscipiatur
1361 2145 1392 2209 in

150 2249 337 2316 confratrem
358 2247 435 2314 dicti
458 2247 603 2330 capituli,
631 2247 706 2312 talis
725 2247 860 2331 jurabit,
891 2250 1011 2313 secreta
1033 2247 1162 2330 capituli
1185 2247 1267 2330 epnd
1290 2267 1323 2314 se
1342 2267 1392 2313 re·

149 2353 249 2419 tinere
272 2355 304 2419 et
325 2352 435 2431 celare,
459 2351 597 2434 nullique
620 2351 794 2417 huiusmodi
817 2350 923 2417 eadem
948 2351 1080 2434 pandere
1102 2353 1134 2416 et
1157 2352 1327 2435 propalare.

255 2457 284 2542 ξ.
308 2457 337 2522 5.
369 2456 449 2522 Item
472 2455 552 2540 quod
572 2455 705 2522 decenus
725 2455 857 2540 praelati
887 2455 1015 2539 capituli
1038 2455 1076 2521 de
1097 2454 1227 2544 introitu
1248 2455 1394 2540 (Anslas-

151 2562 262 2646 sung):
294 2580 384 2646 quem
420 2578 473 2625 nos
501 2561 557 2626 aab
583 2560 680 2626 nostri
703 2578 891 2626 successores
912 2559 1160 2624 investiverimus
1182 2561 1238 2625 eut
1259 2577 1313 2624 nos
1336 2562 1393 2625 aut

152 2666 249 2732 nostri
272 2683 461 2731 successores
479 2663 656 2731 duxerimus
679 2663 830 2740 investiri,
853 2664 892 2730 de
914 2663 1017 2746 aliquo
1041 2663 1204 2731 beneficio:
1228 2681 1318 2747 qnem
1336 2664 1395 2748 ipsi

151 2771 185 2836 in
208 2789 313 2836 eorum
336 2768 522 2836 confratrem
545 2770 706 2853 contingat
729 2768 893 2852 suscipere,
917 2767 998 2852 quod
1021 2767 1060 2832 ab
1077 2785 1112 2832 eo
1126 2768 1153 2832 si
1167 2769 1272 2850 pastor
1287 2768 1391 2846 fuerit,

152 2875 221 2952 nisi,
246 2873 396 2940 duntaxat
419 2893 513 2938 unum
537 2871 696 2950 florenum,
721 2875 752 2938 et
774 2872 801 2936 si
823 2872 973 2956 plebanus
996 2871 1158 2937 dimidium
1182 2871 1341 2951 florenum,
1366 2873 1392 2938 si

152 2997 224 3046 rero
247 2978 454 3061 primissarins
477 2977 587 3056 luerit,
615 2980 678 3044 tres
706 2975 821 3042 solidos
842 2974 1229 3042 denariorumocmmunis
1252 2977 1393 3042 monetae

150 3085 184 3150 et
205 3083 382 3168 pagamenti
407 3082 552 3166 postulet,
575 3081 713 3164 recipiet,
737 3082 769 3148 et
784 3081 815 3146 in
832 3080 881 3146 bis
900 3083 1063 3148 contentus
1079 3081 1161 3145 stare
1177 3079 1287 3147 debeat
1304 3081 1393 3164 juxte

151 3187 318 3256 cuiuslibet
340 3187 485 3253 introitus
507 3185 745 3270 susceptionem.
780 3184 890 3270 (Aaou.
918 3185 1024 3250 Dieser
1041 3183 1070 3268 ξ.
1087 3185 1117 3249 5.
1135 3184 1192 3250 hat
1206 3184 1275 3250 eine
1287 3185 1397 3269 jeden·

152 3291 226 3358 falls
249 3291 345 3358 durch
370 3291 566 3375 duelassung
588 3289 791 3367 verdorbene,
818 3289 891 3356 eber
916 3289 1006 3356 nicht
1028 3288 1300 3356 unversttndliobe
1322 3289 1397 3355 rse-

152 3398 258 3481 sung).

258 3501 286 3584 §2
307 3503 337 3566 6.
370 3499 449 3564 ltem
481 3518 549 3566 cum
579 3517 633 3566 nos
659 3498 708 3564 vel
731 3497 844 3562 saltem
866 3499 899 3562 in
921 3496 1071 3563 desidiam
1094 3499 1150 3562 aut
1173 3496 1395 3582 negligentiam

153 3605 291 3670 nostram
314 3603 395 3688 quod
418 3603 500 3669 subsit
523 3605 578 3670 ant
601 3603 696 3669 nostri
716 3603 758 3686 (f)
782 3619 970 3667 successores
994 3599 1082 3685 (sict)
1104 3600 1231 3667 clericos
1251 3601 1327 3667 dicti
1345 3620 1396 3666 ca-

154 3708 247 3794 pituli
271 3707 357 3774 nobis
377 3710 433 3774 aut
452 3707 565 3774 nostris
588 3707 814 3774 successoribus
837 3703 1016 3770 immediate
1039 3704 1194 3788 subjectos
1210 3705 1394 3789 Episcopum

156 3813 282 3880 uisitare
304 3812 512 3896 contingeret,
545 3811 627 3896 qnod
657 3814 769 3878 emunc
799 3831 853 3876 neo
883 3810 953 3877 odio
983 3829 1039 3876 nec
1062 3830 1186 3878 rancore
1213 3814 1269 3877 cut
1292 3813 1395 3878 favore

155 3917 308 4003 quispiam
336 3917 433 4000 ipsius
463 3915 592 4000 capituli
615 3915 726 3982 fratres
750 3916 877 3982 fratrem
901 3934 991 3982 snum
1013 3915 1111 3981 alium
1134 3918 1188 3981 eut
1211 3915 1397 3982 confratrem

155 4024 296 4089 accusset
317 4039 372 4088 seu
394 4019 575 4094 denunciet,
604 4019 662 4086 nisi
685 4020 873 4086 conscientia
895 4021 995 4086 motus
1018 4039 1096 4104 pura
1120 4019 1206 4102 juxta
1228 4020 1287 4086 sibi
1311 4020 1397 4086 dela·

155 4133 223 4193 tum
244 4146 296 4210 per
320 4143 372 4192 nos
395 4127 452 4191 eut
473 4125 591 4190 nostroe
613 4142 801 4190 successores
825 4142 880 4207 per
902 4124 1002 4207 ipsum
1024 4123 1083 4190 sibi
1100 4125 1284 4208 praestitum
1302 4125 1397 4189 etiem

151 4230 376 4318 juramentum.
417 4232 526 4310 (Aura.
551 4228 597 4294 lm
621 4231 723 4294 ersten
747 4226 855 4294 Tbeile
878 4229 920 4294 ist
942 4228 1023 4293 eucb
1044 4228 1144 4294 dieser
1159 4226 1232 4296 Satn
1247 4247 1315 4296 vom
1332 4227 1398 4294 Ab·

155 4334 311 4402 scbreiber
334 4333 511 4412 verdorben,
536 4333 610 4398 aber
634 4333 675 4398 im
700 4331 823 4398 (danaen
847 4332 985 4399 dennoch
1010 4332 1242 4414 remttndlicb).

260 4439 289 4522 ς.
313 4439 342 4505 7.
375 4438 471 4516 Item,
493 4437 573 4522 qnod
596 4437 701 4502 nullus
719 4437 865 4502 infamiae
889 4436 1012 4503 macula
1034 4454 1175 4520 aspersus
1198 4440 1254 4504 aut
1274 4439 1400 4522 irregu-

154 4545 230 4614 laris
252 4547 307 4608 aut
329 4543 524 4608 scismaticus
547 4559 599 4626 per
619 4541 805 4606 sententium
828 4541 877 4605 sui
899 4540 1064 4626 superioris
1087 4540 1252 4608 damnatus
1271 4540 1396 4608 intersit
