3208 4768
168 240 279 312 Gortyn.
296 257 319 294 a.
339 239 395 310 Off.
413 239 463 295 20.
486 241 560 312 Aug.
575 239 649 295 1888
664 246 693 295 ct
706 239 732 294 9.
744 237 818 296 Jun.
831 238 922 293 1889.-
941 239 1019 308 disp.
1032 241 1067 293 in
1080 242 1170 294 artic.
1183 243 1302 297 mortis.
1347 221 1406 286 189

266 409 415 496 Sequenti
439 431 509 476 nero
531 411 609 476 feria
627 411 662 476 V.
688 411 769 475 lucta
790 409 826 476 de
843 409 891 476 bis
906 407 1000 475 SSmo
1017 409 1053 475 D.
1073 411 1111 475 N.
1130 410 1222 476 Leoni
1239 412 1299 480 ΡΡ.
1317 413 1406 480 ΧΙΙῙ.

164 517 315 582 relatione
341 518 371 581 in
395 517 553 582 audientia
576 537 597 579 r.
621 537 649 598 p.
675 516 703 580 d.
731 515 885 580 assessori
913 511 943 582 S.
967 513 1069 580 Officii
1094 515 1269 599 impertita,
1300 518 1407 582 eadem

163 621 320 687 Sanctitas
344 619 407 686 Sua
429 621 574 686 limorum
600 621 728 686 Petrum
752 620 953 685 resolutiones
977 619 1143 703 approbare
1166 621 1297 704 dignata
1319 625 1376 690 est.

644 724 680 792 J.
705 723 860 830 Mancini.
876 721 906 789 S.
933 724 967 789 R.
991 727 1023 790 ot·
1046 723 1081 792 U.
1107 724 1137 790 J.
1162 723 1318 792 Notarius.

178 885 210 950 5.
242 879 293 947 De
313 901 409 948 sensu
430 881 622 946 demetarum
644 880 676 947 8.
698 880 740 946 R.
763 886 792 946 et
820 880 855 948 U.
878 880 950 963 Inq.
974 881 1004 945 d.
1019 881 1050 946 d.
1071 886 1127 946 20.
1152 883 1233 965 Aug.
1259 887 1347 949 1888
1369 890 1398 949 et

222 991 253 1051 9.
276 991 351 1050 dan.
377 989 460 1050 1889
482 986 569 1049 circu
592 985 763 1065 dispensat.
786 987 820 1050 in
843 985 977 1050 orticaria
1000 987 1111 1050 mortis
1133 986 1256 1052 decreto
1278 987 1349 1052 duo.

371 1125 403 1206 a)
427 1159 467 1171 -
491 1125 546 1190 Ad
568 1124 847 1206 Arebiepisooprrm
867 1123 1161 1207 compostellanam

371 1254 461 1319 lllrue
485 1255 516 1317 et
539 1253 615 1318 Rme
640 1253 778 1318 Domine.

270 1375 396 1442 Litteris
420 1375 501 1441 datis
525 1396 584 1441 uon
608 1376 716 1441 multis
741 1377 780 1441 ab
808 1376 878 1442 binc
901 1376 1010 1442 diebus
1033 1380 1202 1461 quaerebat
1226 1379 1407 1462 Amplitudo

165 1481 249 1559 Tua,
280 1485 382 1546 utrum
414 1479 444 1545 vi
475 1479 666 1544 decretorum
699 1481 759 1545 diei
789 1481 841 1548 20.
868 1479 1027 1546 Februarii
1057 1483 1140 1548 1888
1171 1483 1306 1568 (Archiv
1326 1483 1406 1550 LIX.

164 1587 229 1651 473
249 1594 309 1670 sq.)
340 1588 371 1651 et
405 1583 431 1649 1.
457 1583 564 1650 llartii
591 1583 674 1649 1889
706 1584 841 1666 (Arabio
865 1583 962 1652 LXll.
987 1586 1062 1668 367)
1096 1587 1221 1652 valeant
1251 1587 1407 1654 Ordinarii

163 1713 217 1776 per
239 1710 272 1755 se
295 1690 343 1755 rel
366 1709 419 1775 pen
441 1689 588 1772 parochos
610 1688 785 1772 dispensare
808 1708 898 1772 super
921 1689 1150 1772 impedimentis
1174 1691 1305 1774 publicis
1326 1695 1406 1777 juris

162 1793 374 1874 ecclesiastici,
397 1792 532 1877 exceptis
556 1793 770 1878 presbyteratu
795 1796 826 1858 et
846 1792 1000 1859 affinitate
1025 1795 1054 1858 in
1079 1795 1278 1875 lineatoris,
1302 1816 1407 1863 omnes

162 1901 194 1965 iu
216 1899 347 1965 articulo
370 1899 478 1963 mortis
502 1899 695 1976 constitutos,
718 1897 793 1963 licet
817 1899 1048 1964 matrimonium
1067 1899 1165 1979 civile,
1190 1902 1269 1983 quod
1287 1905 1407 1980 uocant,

162 2025 220 2070 uon
247 2003 469 2068 celebraverint
491 2022 544 2067 nec
566 2003 671 2067 rirarrt
694 2002 724 2066 in
748 2003 963 2069 concubinatu.

268 2110 328 2174 Rea
351 2109 455 2174 delata
475 2113 523 2174 est
542 2108 579 2172 ad
598 2105 688 2172 limos
707 2105 773 2170 DD.
791 2107 970 2172 Oardiuales
988 2128 1048 2172 una
1067 2128 1186 2174 mecum
1203 2109 1407 2194 Inquisitores

163 2213 341 2298 generales,
373 2209 425 2295 qui
455 2213 486 2276 in
518 2211 764 2296 congregatione
796 2211 905 2277 habita
936 2213 1012 2278 teria
1041 2213 1085 2277 lV
1118 2213 1167 2279 die
1191 2215 1231 2278 17
1252 2217 1405 2280 currentis

164 2317 275 2383 meosis
298 2315 543 2401 respondendum
565 2315 772 2381 maritarunt:
797 2317 955 2400 Negattoa.

266 2419 354 2502 Quod
370 2422 444 2485 dnm
457 2420 607 2504 significo,
622 2418 725 2486 lausto
737 2439 875 2505 qrraeque
891 2420 995 2505 ampl.
1009 2421 1094 2487 Tuae
1111 2440 1216 2505 precor
1231 2442 1250 2487 a
1264 2422 1404 2491 Domino.

268 2525 383 2593 Datum
409 2525 524 2592 Romae
546 2524 596 2590 dio
619 2525 670 2590 22.
695 2523 884 2611 Septembris
910 2525 1002 2592 1890.

268 2631 463 2696 Aedictimus
485 2629 515 2694 in
541 2629 681 2718 Domino.

929 2715 965 2784 R.
990 2713 1077 2784 Caro.
1103 2713 1251 2805 Menace.

784 2820 861 2887 Duo.
887 2819 1015 2905 Achiep.
1042 2819 1299 2904 compostellano.

371 2977 405 3057 b)
428 3009 470 3026 *-
494 2975 549 3043 Aa
570 2975 764 3058 Episcopum
792 2975 950 3042 Vicenaam
972 2976 1028 3061 (ε.-
1051 2975 1153 3060 Vich).

477 3104 660 3171 Beatissimo
683 3106 785 3171 Pater.

268 3228 434 3313 Episcopus
467 3227 609 3294 Vioeusis
644 3229 682 3293 ad
718 3227 809 3313 pedes
840 3225 1023 3294 Sanctitatis
1059 3225 1187 3294 Vestrae
1226 3230 1405 3315 provolutus

162 3352 292 3417 sequens
322 3336 495 3398 reverenter
525 3333 648 3418 exponit
679 3331 816 3400 dubium.
868 3333 911 3398 llr
940 3331 1055 3398 litteris
1084 3334 1173 3399 istius
1197 3331 1227 3400 S.
1253 3333 1288 3399 R.
1313 3337 1346 3400 et
1369 3336 1405 3404 U.

163 3435 377 3520 inquisitionis
400 3437 460 3502 diei
483 3435 534 3504 20.
561 3435 716 3503 Februarii
741 3437 832 3516 1888,
860 3433 1034 3502 ‘Sanctitas
1059 3435 1127 3502 Tua
1151 3433 1281 3523 benigne
1298 3438 1407 3504 annuit

161 3560 217 3625 pro
235 3541 346 3624 gratia,
369 3561 429 3627 qua
452 3540 589 3607 locorum
613 3541 767 3608 Ordiuarii
789 3541 966 3626 dispensare
987 3539 1112 3606 ualeant
1128 3543 1271 3627 aegrotos
1286 3543 1318 3606 in
1334 3563 1405 3628 gra-

162 3645 288 3711 vissimo
311 3643 419 3711 mortis
445 3646 581 3729 periculo
612 3647 796 3712 constitutos
825 3665 916 3730 snper
946 3645 1177 3731 impedimentis
1206 3647 1406 3731 quantumvis

162 3749 294 3833 publicis
318 3749 549 3815 matrimonium
571 3750 641 3835 jure
664 3749 872 3816 ecclesiastico
895 3750 1130 3828 dirimentibus,
1163 3752 1288 3833 excepto
1319 3769 1405 3816 sacro

162 3852 395 3938 presbyteratus
419 3854 533 3920 Ordine
554 3857 586 3919 et
608 3854 762 3920 affinitate
784 3854 882 3920 lineae
905 3855 1009 3920 rectae
1033 3875 1068 3920 er
1088 3854 1197 3937 copula
1228 3854 1314 3919 licita
1337 3873 1403 3937 pro·

162 3959 332 4024 veniente«
379 3958 525 4025 Jamrero
547 3978 638 4039 snper
660 3958 868 4043 intelligentia
900 3959 1062 4025 verborum
1095 3961 1256 4043 »aegrotos
1278 3957 1309 4023 in
1333 3977 1405 4043 gra·

162 4062 289 4129 vissimo
312 4064 420 4129 mortis
444 4062 580 4147 periculo
599 4063 814 4141 constitutos«
841 4081 898 4128 non
917 4063 982 4128 lere
1001 4065 1140 4129 exortum
1156 4065 1204 4128 est
1221 4063 1301 4127 inter
1315 4081 1406 4147 quos-

161 4166 233 4232 dam
258 4167 429 4233 dissidium.
474 4167 553 4233 Sunt
574 4162 656 4232 enirn
680 4167 731 4252 qui
756 4170 897 4234 asserant
918 4168 1020 4234 locum
1042 4167 1265 4252 dispensationi
1281 4170 1405 4233 tantum

162 4289 355 4354 essequam
379 4271 632 4355 lmpedimeuturn
656 4271 775 4337 alliciat
798 4271 914 4338 directe
937 4275 1107 4356 aegrotum,
1134 4290 1192 4338 non
1217 4288 1287 4339 roro
1310 4292 1404 4357 quum

163 4378 309 4459 aegrotus
331 4376 373 4440 sit
395 4375 531 4454 solutus,
562 4378 593 4441 ot
624 4375 878 4459 impedimentum
902 4377 1025 4442 tantum
1049 4375 1165 4442 directe
1188 4376 1306 4443 alliciat
1329 4379 1405 4444 bene

163 4479 328 4545 valentem.
366 4479 447 4544 Dum
470 4479 524 4545 alii
547 4497 563 4545 e
587 4482 694 4546 contra
713 4479 895 4546 facultatem
917 4479 1112 4563 dispensandi
1137 4479 1309 4547 Ordiuariis
1333 4501 1404 4546 con·

164 4583 229 4649 cedi
256 4583 377 4666 putant,
400 4584 541 4667 quamvis
564 4587 727 4668 aegrotans
747 4604 806 4651 non
829 4584 941 4650 babeat
964 4583 996 4650 iu
1014 4603 1047 4650 ee
1062 4585 1326 4670 impedimentum,
1351 4583 1404 4648 sed
