<?xml version="1.0" encoding="UTF-8"?>
<!DOCTYPE html PUBLIC "-//W3C//DTD XHTML 1.0 Transitional//EN"
    "http://www.w3.org/TR/xhtml1/DTD/xhtml1-transitional.dtd">
<html xmlns="http://www.w3.org/1999/xhtml" xml:lang="en" lang="en">
 <head>
  <title>
</title>
<meta http-equiv="Content-Type" content="text/html;charset=utf-8" />
  <meta name='ocr-system' content='tesseract 3.04.00' />
  <meta name='ocr-capabilities' content='ocr_page ocr_carea ocr_par ocr_line ocrx_word'/>
</head>
<body>
  <div class='ocr_page' id='page_1' title='image "./archivfrkatholi01unkngoog_0178.png"; bbox 0 0 3208 4768; ppageno 0'>
   <div class='ocr_carea' id='block_1_1' title="bbox 769 730 820 810">
    <p class='ocr_par' dir='ltr' id='par_1_1' title="bbox 769 730 820 810">
     <span class='ocr_line' id='line_1_1' title="bbox 769 730 820 810; baseline 0 -1"><span class='ocrx_word' id='word_1_1' title='bbox 769 730 820 810; x_wconf 91' lang='lat' dir='ltr'><strong>lll.</strong></span> 
     </span>
    </p>
   </div>
   <div class='ocr_carea' id='block_1_2' title="bbox 192 887 1385 1090">
    <p class='ocr_par' dir='ltr' id='par_1_2' title="bbox 192 887 1385 1090">
     <span class='ocr_line' id='line_1_2' title="bbox 192 887 1385 990; baseline 0 -20"><span class='ocrx_word' id='word_1_2' title='bbox 192 889 393 972; x_wconf 73' lang='lat' dir='ltr'><strong>Facultates</strong></span> <span class='ocrx_word' id='word_1_3' title='bbox 413 891 457 971; x_wconf 90' lang='lat' dir='ltr'><strong>de</strong></span> <span class='ocrx_word' id='word_1_4' title='bbox 479 889 686 990; x_wconf 83' lang='lat' dir='ltr'><strong>repuiarlnnn</strong></span> <span class='ocrx_word' id='word_1_5' title='bbox 710 889 808 970; x_wconf 89' lang='lat' dir='ltr'><strong>tonis</strong></span> <span class='ocrx_word' id='word_1_6' title='bbox 831 889 864 966; x_wconf 94' lang='lat' dir='ltr'><strong>io</strong></span> <span class='ocrx_word' id='word_1_7' title='bbox 888 887 1030 988; x_wconf 89' lang='lat' dir='ltr'><strong>inperio</strong></span> <span class='ocrx_word' id='word_1_8' title='bbox 1052 887 1235 968; x_wconf 82' lang='lat' dir='ltr'><strong>lusiniano</strong></span> <span class='ocrx_word' id='word_1_9' title='bbox 1258 887 1385 988; x_wconf 85' lang='lat' dir='ltr'><strong>posius</strong></span> 
     </span>
     <span class='ocr_line' id='line_1_3' title="bbox 548 1009 1027 1090; baseline -0.002 0"><span class='ocrx_word' id='word_1_10' title='bbox 548 1009 739 1090; x_wconf 73' lang='lat' dir='ltr'><strong>alienandis</strong></span> <span class='ocrx_word' id='word_1_11' title='bbox 766 1011 802 1090; x_wconf 87' lang='lat' dir='ltr'><strong>ei</strong></span> <span class='ocrx_word' id='word_1_12' title='bbox 828 1009 1027 1089; x_wconf 71' lang='lat' dir='ltr'><strong>onerandis.</strong></span> 
     </span>
    </p>
   </div>
   <div class='ocr_carea' id='block_1_3' title="bbox 377 1199 1201 1284">
    <p class='ocr_par' dir='ltr' id='par_1_3' title="bbox 377 1199 1201 1284">
     <span class='ocr_line' id='line_1_4' title="bbox 377 1199 1201 1284; baseline -0.006 -15"><span class='ocrx_word' id='word_1_13' title='bbox 377 1203 441 1269; x_wconf 89' lang='lat' dir='ltr'><strong>Leo</strong></span> <span class='ocrx_word' id='word_1_14' title='bbox 465 1201 531 1270; x_wconf 92' lang='grc' dir='ltr'><strong>ΡΡ,</strong></span> <span class='ocrx_word' id='word_1_15' title='bbox 558 1201 664 1268; x_wconf 90' lang='lat' dir='ltr'><strong>Xlll.</strong></span> <span class='ocrx_word' id='word_1_16' title='bbox 706 1201 761 1267; x_wconf 80' lang='lat' dir='ltr'><strong>Ad</strong></span> <span class='ocrx_word' id='word_1_17' title='bbox 780 1201 920 1284; x_wconf 68' lang='lat' dir='ltr'><strong>{aduram</strong></span> <span class='ocrx_word' id='word_1_18' title='bbox 941 1199 990 1265; x_wconf 87' lang='lat' dir='ltr'><strong>rea&#39;</strong></span> <span class='ocrx_word' id='word_1_19' title='bbox 1010 1201 1201 1265; x_wconf 81' lang='lat' dir='ltr'><strong><em>memoriam.</em></strong></span> 
     </span>
    </p>
   </div>
   <div class='ocr_carea' id='block_1_4' title="bbox 163 1337 1421 4344">
    <p class='ocr_par' dir='ltr' id='par_1_4' title="bbox 163 1337 1421 4344">
     <span class='ocr_line' id='line_1_5' title="bbox 273 1337 1408 1423; baseline -0.005 -17"><span class='ocrx_word' id='word_1_20' title='bbox 273 1340 449 1406; x_wconf 72' lang='lat' dir='ltr'>Facultates</span> <span class='ocrx_word' id='word_1_21' title='bbox 476 1339 514 1404; x_wconf 90' lang='lat' dir='ltr'><strong>de</strong></span> <span class='ocrx_word' id='word_1_22' title='bbox 544 1339 733 1423; x_wconf 82' lang='lat' dir='ltr'><strong>regularium</strong></span> <span class='ocrx_word' id='word_1_23' title='bbox 765 1339 851 1404; x_wconf 90' lang='lat' dir='ltr'><strong>bonis</strong></span> <span class='ocrx_word' id='word_1_24' title='bbox 880 1339 913 1403; x_wconf 89' lang='lat' dir='ltr'><strong>in</strong></span> <span class='ocrx_word' id='word_1_25' title='bbox 944 1338 1108 1403; x_wconf 75' lang='lat' dir='ltr'><strong>sosoriano</strong></span> <span class='ocrx_word' id='word_1_26' title='bbox 1138 1337 1272 1420; x_wconf 89' lang='lat' dir='ltr'><strong>Imperio</strong></span> <span class='ocrx_word' id='word_1_27' title='bbox 1302 1337 1408 1421; x_wconf 85' lang='lat' dir='ltr'><strong>positis</strong></span> 
     </span>
     <span class='ocr_line' id='line_1_6' title="bbox 170 1441 1409 1528; baseline -0.003 -20"><span class='ocrx_word' id='word_1_28' title='bbox 170 1443 358 1523; x_wconf 79' lang='lat' dir='ltr'><strong>alienandis,</strong></span> <span class='ocrx_word' id='word_1_29' title='bbox 383 1444 480 1528; x_wconf 85' lang='lat' dir='ltr'><strong>deque</strong></span> <span class='ocrx_word' id='word_1_30' title='bbox 500 1444 642 1509; x_wconf 89' lang='lat' dir='ltr'><strong>oneribus</strong></span> <span class='ocrx_word' id='word_1_31' title='bbox 666 1443 857 1526; x_wconf 85' lang='lat' dir='ltr'><strong>imponendis</strong></span> <span class='ocrx_word' id='word_1_32' title='bbox 879 1461 970 1526; x_wconf 88' lang='lat' dir='ltr'><strong>snper</strong></span> <span class='ocrx_word' id='word_1_33' title='bbox 997 1442 1103 1506; x_wconf 89' lang='lat' dir='ltr'><strong>iisdem</strong></span> <span class='ocrx_word' id='word_1_34' title='bbox 1128 1441 1232 1519; x_wconf 84' lang='lat' dir='ltr'><strong>bonis,</strong></span> <span class='ocrx_word' id='word_1_35' title='bbox 1262 1460 1339 1524; x_wconf 91' lang='lat' dir='ltr'><strong>qnas</strong></span> <span class='ocrx_word' id='word_1_36' title='bbox 1371 1441 1409 1506; x_wconf 86' lang='lat' dir='ltr'><strong>ed</strong></span> 
     </span>
     <span class='ocr_line' id='line_1_7' title="bbox 169 1546 1410 1632; baseline -0.002 -20"><span class='ocrx_word' id='word_1_37' title='bbox 169 1566 345 1632; x_wconf 88' lang='lat' dir='ltr'><strong>supremum</strong></span> <span class='ocrx_word' id='word_1_38' title='bbox 368 1547 568 1632; x_wconf 83' lang='lat' dir='ltr'><strong>Apostolatns</strong></span> <span class='ocrx_word' id='word_1_39' title='bbox 591 1547 737 1615; x_wconf 85' lang='lat' dir='ltr'><strong>ollieinm.</strong></span> <span class='ocrx_word' id='word_1_40' title='bbox 776 1547 906 1612; x_wconf 86' lang='lat' dir='ltr'><strong>Divinae</strong></span> <span class='ocrx_word' id='word_1_41' title='bbox 932 1546 1145 1612; x_wconf 81' lang='lat' dir='ltr'><strong>Providentiae</strong></span> <span class='ocrx_word' id='word_1_42' title='bbox 1168 1547 1296 1611; x_wconf 87' lang='lat' dir='ltr'><strong>oonsilio</strong></span> <span class='ocrx_word' id='word_1_43' title='bbox 1311 1546 1410 1610; x_wconf 85' lang='lat' dir='ltr'><strong>eventi</strong></span> 
     </span>
     <span class='ocr_line' id='line_1_8' title="bbox 167 1650 1410 1734; baseline -0.003 -16"><span class='ocrx_word' id='word_1_44' title='bbox 167 1671 204 1718; x_wconf 86' lang='lat' dir='ltr'><strong>ex</strong></span> <span class='ocrx_word' id='word_1_45' title='bbox 231 1653 386 1718; x_wconf 84' lang='lat' dir='ltr'><strong>similibus</strong></span> <span class='ocrx_word' id='word_1_46' title='bbox 413 1653 536 1718; x_wconf 88' lang='lat' dir='ltr'><strong>Nostris</strong></span> <span class='ocrx_word' id='word_1_47' title='bbox 561 1652 686 1717; x_wconf 85' lang='lat' dir='ltr'><strong>Litteris</strong></span> <span class='ocrx_word' id='word_1_48' title='bbox 708 1653 758 1717; x_wconf 88' lang='lat' dir='ltr'><strong>die</strong></span> <span class='ocrx_word' id='word_1_49' title='bbox 778 1652 854 1717; x_wconf 84' lang='lat' dir='ltr'><strong>XVI</strong></span> <span class='ocrx_word' id='word_1_50' title='bbox 876 1651 988 1716; x_wconf 89' lang='lat' dir='ltr'><strong>mensis</strong></span> <span class='ocrx_word' id='word_1_51' title='bbox 1011 1650 1200 1734; x_wconf 79' lang='lat' dir='ltr'><strong>Septembris</strong></span> <span class='ocrx_word' id='word_1_52' title='bbox 1223 1669 1302 1716; x_wconf 90' lang='lat' dir='ltr'><strong>anno</strong></span> <span class='ocrx_word' id='word_1_53' title='bbox 1327 1651 1410 1716; x_wconf 89' lang='lat'>1880</span> 
     </span>
     <span class='ocr_line' id='line_1_9' title="bbox 166 1753 1407 1841; baseline -0.002 -18"><span class='ocrx_word' id='word_1_54' title='bbox 166 1756 250 1823; x_wconf 89' lang='lat' dir='ltr'><strong>datis</strong></span> <span class='ocrx_word' id='word_1_55' title='bbox 270 1757 307 1822; x_wconf 88' lang='lat' dir='ltr'><strong>ad</strong></span> <span class='ocrx_word' id='word_1_56' title='bbox 332 1757 509 1822; x_wconf 86' lang='lat' dir='ltr'><strong>decennium</strong></span> <span class='ocrx_word' id='word_1_57' title='bbox 534 1757 733 1841; x_wconf 89' lang='lat' dir='ltr'><strong>protulimus,</strong></span> <span class='ocrx_word' id='word_1_58' title='bbox 766 1775 845 1821; x_wconf 88' lang='lat' dir='ltr'><strong>nuno</strong></span> <span class='ocrx_word' id='word_1_59' title='bbox 876 1755 1017 1822; x_wconf 91' lang='lat' dir='ltr'><strong>omnibns</strong></span> <span class='ocrx_word' id='word_1_60' title='bbox 1044 1756 1101 1820; x_wconf 87' lang='lat' dir='ltr'><strong>bno</strong></span> <span class='ocrx_word' id='word_1_61' title='bbox 1131 1753 1169 1820; x_wconf 88' lang='lat' dir='ltr'><strong>de</strong></span> <span class='ocrx_word' id='word_1_62' title='bbox 1196 1774 1228 1820; x_wconf 92' lang='lat' dir='ltr'><strong>re</strong></span> <span class='ocrx_word' id='word_1_63' title='bbox 1250 1755 1407 1839; x_wconf 87' lang='lat' dir='ltr'><strong>inspeetis,</strong></span> 
     </span>
     <span class='ocr_line' id='line_1_10' title="bbox 165 1859 1411 1946; baseline 0 -20"><span class='ocrx_word' id='word_1_64' title='bbox 165 1861 391 1946; x_wconf 85' lang='lat' dir='ltr'><strong>perpensisqne,</strong></span> <span class='ocrx_word' id='word_1_65' title='bbox 414 1864 620 1945; x_wconf 86' lang='lat' dir='ltr'><strong>opportunum</strong></span> <span class='ocrx_word' id='word_1_66' title='bbox 642 1861 784 1926; x_wconf 87' lang='lat' dir='ltr'><strong>donimus</strong></span> <span class='ocrx_word' id='word_1_67' title='bbox 803 1860 835 1924; x_wconf 89' lang='lat' dir='ltr'><strong>in</strong></span> <span class='ocrx_word' id='word_1_68' title='bbox 859 1859 944 1925; x_wconf 90' lang='lat' dir='ltr'><strong>aliud</strong></span> <span class='ocrx_word' id='word_1_69' title='bbox 968 1862 1089 1942; x_wconf 84' lang='lat' dir='ltr'><strong>lempna</strong></span> <span class='ocrx_word' id='word_1_70' title='bbox 1113 1877 1283 1942; x_wconf 87' lang='lat' dir='ltr'><strong>prorogare.</strong></span> <span class='ocrx_word' id='word_1_71' title='bbox 1326 1861 1411 1942; x_wconf 85' lang='lat' dir='ltr'><strong>Qua-</strong></span> 
     </span>
     <span class='ocr_line' id='line_1_11' title="bbox 166 1964 1410 2049; baseline 0.002 -21"><span class='ocrx_word' id='word_1_72' title='bbox 166 1969 290 2048; x_wconf 85' lang='lat' dir='ltr'><strong>propter</strong></span> <span class='ocrx_word' id='word_1_73' title='bbox 311 1967 398 2030; x_wconf 87' lang='lat' dir='ltr'><strong>mota</strong></span> <span class='ocrx_word' id='word_1_74' title='bbox 419 1965 557 2049; x_wconf 88' lang='lat' dir='ltr'><strong>proprio,</strong></span> <span class='ocrx_word' id='word_1_75' title='bbox 580 1967 663 2030; x_wconf 88' lang='lat' dir='ltr'><strong>nerto</strong></span> <span class='ocrx_word' id='word_1_76' title='bbox 683 1965 830 2042; x_wconf 89' lang='lat' dir='ltr'><strong>seientia,</strong></span> <span class='ocrx_word' id='word_1_77' title='bbox 851 1982 887 2029; x_wconf 86' lang='lat' dir='ltr'><strong>ao</strong></span> <span class='ocrx_word' id='word_1_78' title='bbox 910 1967 1032 2028; x_wconf 83' lang='lat' dir='ltr'><strong>matrona</strong></span> <span class='ocrx_word' id='word_1_79' title='bbox 1054 1964 1273 2030; x_wconf 87' lang='lat' dir='ltr'><strong>deliberatione</strong></span> <span class='ocrx_word' id='word_1_80' title='bbox 1296 1965 1410 2030; x_wconf 88' lang='lat' dir='ltr'><strong>Nostra</strong></span> 
     </span>
     <span class='ocr_line' id='line_1_12' title="bbox 168 2067 1407 2152; baseline 0 -18"><span class='ocrx_word' id='word_1_81' title='bbox 168 2069 363 2152; x_wconf 83' lang='lat' dir='ltr'><strong>Apostolieae</strong></span> <span class='ocrx_word' id='word_1_82' title='bbox 386 2067 473 2135; x_wconf 85' lang='lat' dir='ltr'><strong>Sedis</strong></span> <span class='ocrx_word' id='word_1_83' title='bbox 490 2069 609 2135; x_wconf 86' lang='lat' dir='ltr'><strong>Nuntio</strong></span> <span class='ocrx_word' id='word_1_84' title='bbox 624 2068 705 2152; x_wconf 91' lang='lat' dir='ltr'><strong>apud</strong></span> <span class='ocrx_word' id='word_1_85' title='bbox 722 2067 922 2134; x_wconf 79' lang='lat' dir='ltr'><strong>Carissimum</strong></span> <span class='ocrx_word' id='word_1_86' title='bbox 939 2070 970 2133; x_wconf 91' lang='lat' dir='ltr'><strong>in</strong></span> <span class='ocrx_word' id='word_1_87' title='bbox 987 2068 1111 2134; x_wconf 83' lang='lat' dir='ltr'><strong>Christo</strong></span> <span class='ocrx_word' id='word_1_88' title='bbox 1128 2067 1242 2133; x_wconf 74' lang='lat' dir='ltr'><strong>Filium</strong></span> <span class='ocrx_word' id='word_1_89' title='bbox 1259 2069 1407 2134; x_wconf 87' lang='lat' dir='ltr'><strong>Nostrum</strong></span> 
     </span>
     <span class='ocr_line' id='line_1_13' title="bbox 169 2171 1408 2258; baseline 0 -20"><span class='ocrx_word' id='word_1_90' title='bbox 169 2173 313 2240; x_wconf 84' lang='lat' dir='ltr'><strong>Adstriae</strong></span> <span class='ocrx_word' id='word_1_91' title='bbox 336 2174 557 2258; x_wconf 82' lang='lat' dir='ltr'><strong>Imperatorem</strong></span> <span class='ocrx_word' id='word_1_92' title='bbox 579 2171 744 2239; x_wconf 90' lang='lat' dir='ltr'><strong>Bohamiae</strong></span> <span class='ocrx_word' id='word_1_93' title='bbox 777 2175 809 2238; x_wconf 89' lang='lat' dir='ltr'><strong>et</strong></span> <span class='ocrx_word' id='word_1_94' title='bbox 840 2171 1020 2256; x_wconf 86' lang='lat' dir='ltr'><strong>Hungariae</strong></span> <span class='ocrx_word' id='word_1_95' title='bbox 1052 2173 1166 2256; x_wconf 87' lang='lat' dir='ltr'><strong>Regem</strong></span> <span class='ocrx_word' id='word_1_96' title='bbox 1198 2173 1408 2257; x_wconf 87' lang='lat' dir='ltr'><strong>Apostolieum</strong></span> 
     </span>
     <span class='ocr_line' id='line_1_14' title="bbox 168 2277 1408 2362; baseline 0.001 -20"><span class='ocrx_word' id='word_1_97' title='bbox 168 2297 222 2361; x_wconf 88' lang='lat' dir='ltr'><strong>pro</strong></span> <span class='ocrx_word' id='word_1_98' title='bbox 245 2281 382 2362; x_wconf 86' lang='lat' dir='ltr'><strong>ternpore</strong></span> <span class='ocrx_word' id='word_1_99' title='bbox 404 2277 565 2356; x_wconf 78' lang='lat' dir='ltr'><strong>existenti,</strong></span> <span class='ocrx_word' id='word_1_100' title='bbox 597 2277 643 2342; x_wconf 89' lang='lat' dir='ltr'><strong>nel</strong></span> <span class='ocrx_word' id='word_1_101' title='bbox 675 2277 703 2342; x_wconf 89' lang='lat' dir='ltr'><strong>ei</strong></span> <span class='ocrx_word' id='word_1_102' title='bbox 722 2278 775 2361; x_wconf 92' lang='lat' dir='ltr'><strong>qni</strong></span> <span class='ocrx_word' id='word_1_103' title='bbox 797 2277 933 2360; x_wconf 87' lang='lat' dir='ltr'><strong>ejusdem</strong></span> <span class='ocrx_word' id='word_1_104' title='bbox 957 2277 1066 2344; x_wconf 87' lang='lat' dir='ltr'><strong>Nuntii</strong></span> <span class='ocrx_word' id='word_1_105' title='bbox 1092 2277 1173 2344; x_wconf 86' lang='lat' dir='ltr'><strong>nioes</strong></span> <span class='ocrx_word' id='word_1_106' title='bbox 1196 2297 1249 2361; x_wconf 89' lang='lat' dir='ltr'><strong>pro</strong></span> <span class='ocrx_word' id='word_1_107' title='bbox 1272 2279 1408 2361; x_wconf 91' lang='lat' dir='ltr'><strong>tempore</strong></span> 
     </span>
     <span class='ocr_line' id='line_1_15' title="bbox 167 2381 1410 2466; baseline 0.001 -20"><span class='ocrx_word' id='word_1_108' title='bbox 167 2385 273 2465; x_wconf 86' lang='lat' dir='ltr'><strong>gerat,</strong></span> <span class='ocrx_word' id='word_1_109' title='bbox 303 2401 360 2448; x_wconf 88' lang='lat' dir='ltr'><strong>neo</strong></span> <span class='ocrx_word' id='word_1_110' title='bbox 391 2399 448 2448; x_wconf 89' lang='lat' dir='ltr'><strong>non</strong></span> <span class='ocrx_word' id='word_1_111' title='bbox 481 2383 745 2466; x_wconf 81' lang='lat' dir='ltr'><strong>Arehiepiseopis,</strong></span> <span class='ocrx_word' id='word_1_112' title='bbox 779 2385 872 2465; x_wconf 89' lang='lat' dir='ltr'><strong>atque</strong></span> <span class='ocrx_word' id='word_1_113' title='bbox 894 2381 1052 2465; x_wconf 76' lang='lat' dir='ltr'><strong>Episcopis</strong></span> <span class='ocrx_word' id='word_1_114' title='bbox 1075 2384 1107 2446; x_wconf 89' lang='lat' dir='ltr'><strong>et</strong></span> <span class='ocrx_word' id='word_1_115' title='bbox 1128 2382 1341 2465; x_wconf 88' lang='lat' dir='ltr'><strong>praesulibus,</strong></span> <span class='ocrx_word' id='word_1_116' title='bbox 1373 2384 1410 2447; x_wconf 88' lang='lat' dir='ltr'><strong>ni</strong></span> 
     </span>
     <span class='ocr_line' id='line_1_16' title="bbox 168 2485 1408 2569; baseline 0.001 -20"><span class='ocrx_word' id='word_1_117' title='bbox 168 2489 295 2566; x_wconf 84' lang='lat' dir='ltr'><strong>nonant,</strong></span> <span class='ocrx_word' id='word_1_118' title='bbox 327 2485 443 2552; x_wconf 90' lang='lat' dir='ltr'><strong>nullius</strong></span> <span class='ocrx_word' id='word_1_119' title='bbox 469 2487 615 2553; x_wconf 83' lang='lat' dir='ltr'><strong>dioesesis</strong></span> <span class='ocrx_word' id='word_1_120' title='bbox 636 2487 669 2552; x_wconf 90' lang='lat' dir='ltr'><strong>io</strong></span> <span class='ocrx_word' id='word_1_121' title='bbox 691 2488 834 2552; x_wconf 87' lang='lat' dir='ltr'><strong>uolnersa</strong></span> <span class='ocrx_word' id='word_1_122' title='bbox 856 2486 1017 2551; x_wconf 87' lang='lat' dir='ltr'><strong>memorati</strong></span> <span class='ocrx_word' id='word_1_123' title='bbox 1041 2485 1240 2569; x_wconf 82' lang='lat' dir='ltr'><strong>Imperatoria</strong></span> <span class='ocrx_word' id='word_1_124' title='bbox 1263 2487 1408 2551; x_wconf 81' lang='lat' dir='ltr'><strong>Ausinius</strong></span> 
     </span>
     <span class='ocr_line' id='line_1_17' title="bbox 167 2589 1408 2674; baseline 0 -20"><span class='ocrx_word' id='word_1_125' title='bbox 167 2589 284 2655; x_wconf 88' lang='lat' dir='ltr'><strong>ditione</strong></span> <span class='ocrx_word' id='word_1_126' title='bbox 306 2589 526 2668; x_wconf 84' lang='lat' dir='ltr'><strong>existentibus,</strong></span> <span class='ocrx_word' id='word_1_127' title='bbox 554 2591 594 2656; x_wconf 91' lang='lat' dir='ltr'><strong>iis</strong></span> <span class='ocrx_word' id='word_1_128' title='bbox 624 2594 730 2656; x_wconf 90' lang='lat' dir='ltr'><strong>tamen</strong></span> <span class='ocrx_word' id='word_1_129' title='bbox 752 2591 887 2670; x_wconf 85' lang='lat' dir='ltr'><strong>exeeptis</strong></span> <span class='ocrx_word' id='word_1_130' title='bbox 910 2590 1010 2667; x_wconf 89' lang='lat' dir='ltr'><strong>bonis,</strong></span> <span class='ocrx_word' id='word_1_131' title='bbox 1043 2589 1068 2654; x_wconf 91' lang='lat' dir='ltr'><strong>si</strong></span> <span class='ocrx_word' id='word_1_132' title='bbox 1095 2609 1157 2674; x_wconf 90' lang='lat' dir='ltr'><strong>qua</strong></span> <span class='ocrx_word' id='word_1_133' title='bbox 1189 2591 1222 2654; x_wconf 89' lang='lat' dir='ltr'><strong>in</strong></span> <span class='ocrx_word' id='word_1_134' title='bbox 1244 2591 1408 2674; x_wconf 83' lang='lat' dir='ltr'><strong>provinciis</strong></span> 
     </span>
     <span class='ocr_line' id='line_1_18' title="bbox 164 2691 1402 2780; baseline 0 -20"><span class='ocrx_word' id='word_1_135' title='bbox 164 2691 286 2760; x_wconf 82' lang='lat' dir='ltr'><strong>Italicis</strong></span> <span class='ocrx_word' id='word_1_136' title='bbox 308 2695 487 2774; x_wconf 85' lang='lat' dir='ltr'><strong>consistant,</strong></span> <span class='ocrx_word' id='word_1_137' title='bbox 510 2713 565 2760; x_wconf 90' lang='lat' dir='ltr'><strong>nee</strong></span> <span class='ocrx_word' id='word_1_138' title='bbox 588 2715 645 2760; x_wconf 91' lang='lat' dir='ltr'><strong>non</strong></span> <span class='ocrx_word' id='word_1_139' title='bbox 663 2695 812 2780; x_wconf 82' lang='lat' dir='ltr'><strong>Episcopo</strong></span> <span class='ocrx_word' id='word_1_140' title='bbox 831 2694 1075 2760; x_wconf 87' lang='lat' dir='ltr'><strong>Wratislaniensi</strong></span> <span class='ocrx_word' id='word_1_141' title='bbox 1091 2714 1143 2778; x_wconf 92' lang='lat' dir='ltr'><strong>pro</strong></span> <span class='ocrx_word' id='word_1_142' title='bbox 1160 2695 1248 2778; x_wconf 90' lang='lat' dir='ltr'><strong>parte</strong></span> <span class='ocrx_word' id='word_1_143' title='bbox 1264 2695 1402 2777; x_wconf 80' lang='lat' dir='ltr'><strong>eJosdem</strong></span> 
     </span>
     <span class='ocr_line' id='line_1_19' title="bbox 165 2796 1406 2884; baseline 0.002 -22"><span class='ocrx_word' id='word_1_144' title='bbox 165 2796 324 2877; x_wconf 77' lang='lat' dir='ltr'><strong>dioecesis,</strong></span> <span class='ocrx_word' id='word_1_145' title='bbox 345 2818 424 2884; x_wconf 86' lang='lat' dir='ltr'><strong>qnae</strong></span> <span class='ocrx_word' id='word_1_146' title='bbox 447 2799 479 2864; x_wconf 89' lang='lat' dir='ltr'><strong>in</strong></span> <span class='ocrx_word' id='word_1_147' title='bbox 502 2801 629 2883; x_wconf 89' lang='lat' dir='ltr'><strong>imperio</strong></span> <span class='ocrx_word' id='word_1_148' title='bbox 649 2800 813 2866; x_wconf 86' lang='lat' dir='ltr'><strong>Austrineo</strong></span> <span class='ocrx_word' id='word_1_149' title='bbox 832 2799 1111 2882; x_wconf 85' lang='lat' dir='ltr'><strong>comprehenditur,</strong></span> <span class='ocrx_word' id='word_1_150' title='bbox 1136 2798 1173 2863; x_wconf 91' lang='lat' dir='ltr'><strong>ad</strong></span> <span class='ocrx_word' id='word_1_151' title='bbox 1196 2798 1280 2864; x_wconf 89' lang='lat' dir='ltr'><strong>alind</strong></span> <span class='ocrx_word' id='word_1_152' title='bbox 1298 2799 1406 2864; x_wconf 86' lang='lat' dir='ltr'><strong>decen·</strong></span> 
     </span>
     <span class='ocr_line' id='line_1_20' title="bbox 166 2902 1402 2988; baseline 0.001 -21"><span class='ocrx_word' id='word_1_153' title='bbox 166 2902 253 2968; x_wconf 90' lang='lat' dir='ltr'><strong>nium</strong></span> <span class='ocrx_word' id='word_1_154' title='bbox 275 2923 294 2968; x_wconf 91' lang='lat' dir='ltr'><strong>a</strong></span> <span class='ocrx_word' id='word_1_155' title='bbox 314 2904 480 2970; x_wconf 83' lang='lat' dir='ltr'><strong>novissimo</strong></span> <span class='ocrx_word' id='word_1_156' title='bbox 504 2909 674 2986; x_wconf 85' lang='lat' dir='ltr'><strong>postremae</strong></span> <span class='ocrx_word' id='word_1_157' title='bbox 698 2904 921 2988; x_wconf 84' lang='lat' dir='ltr'><strong>prorogationis</strong></span> <span class='ocrx_word' id='word_1_158' title='bbox 944 2905 993 2968; x_wconf 92' lang='lat' dir='ltr'><strong>die</strong></span> <span class='ocrx_word' id='word_1_159' title='bbox 1016 2903 1266 2986; x_wconf 85' lang='lat' dir='ltr'><strong>oompntaoduin.</strong></span> <span class='ocrx_word' id='word_1_160' title='bbox 1313 2904 1402 2970; x_wconf 79' lang='lat' dir='ltr'><strong>daei-</strong></span> 
     </span>
     <span class='ocr_line' id='line_1_21' title="bbox 165 2989 1421 3093; baseline 0.001 -22"><span class='ocrx_word' id='word_1_161' title='bbox 165 3025 236 3071; x_wconf 89' lang='lat' dir='ltr'><strong>mns</strong></span> <span class='ocrx_word' id='word_1_162' title='bbox 258 3007 439 3073; x_wconf 86' lang='lat' dir='ltr'><strong>laenitatem</strong></span> <span class='ocrx_word' id='word_1_163' title='bbox 459 3008 570 3093; x_wconf 86' lang='lat' dir='ltr'><strong>edique</strong></span> <span class='ocrx_word' id='word_1_164' title='bbox 592 3009 623 3073; x_wconf 93' lang='lat' dir='ltr'><strong>in</strong></span> <span class='ocrx_word' id='word_1_165' title='bbox 647 3025 703 3072; x_wconf 88' lang='lat' dir='ltr'><strong>sna</strong></span> <span class='ocrx_word' id='word_1_166' title='bbox 726 3007 855 3074; x_wconf 82' lang='lat' dir='ltr'><strong>dioecesi</strong></span> <span class='ocrx_word' id='word_1_167' title='bbox 880 3007 1064 3074; x_wconf 82' lang='lat' dir='ltr'><strong>coneedendi</strong></span> <span class='ocrx_word' id='word_1_168' title='bbox 1086 3008 1250 3074; x_wconf 87' lang='lat' dir='ltr'><strong>faoultates</strong></span> <span class='ocrx_word' id='word_1_169' title='bbox 1273 2989 1421 3092; x_wconf 49' lang='lat' dir='ltr'><strong>sequens</strong></span> 
     </span>
     <span class='ocr_line' id='line_1_22' title="bbox 164 3109 1408 3196; baseline 0.001 -21"><span class='ocrx_word' id='word_1_170' title='bbox 164 3109 250 3176; x_wconf 88' lang='lat' dir='ltr'><strong>tibus</strong></span> <span class='ocrx_word' id='word_1_171' title='bbox 278 3111 419 3177; x_wconf 83' lang='lat' dir='ltr'><strong>articulis</strong></span> <span class='ocrx_word' id='word_1_172' title='bbox 443 3113 687 3196; x_wconf 76' lang='lat' dir='ltr'><strong>comprehensas.</strong></span> <span class='ocrx_word' id='word_1_173' title='bbox 721 3147 759 3160; x_wconf 91' lang='lat'><em>-</em></span> <span class='ocrx_word' id='word_1_174' title='bbox 790 3111 815 3180; x_wconf 91' lang='lat'><strong>1.</strong></span> <span class='ocrx_word' id='word_1_175' title='bbox 841 3111 1006 3178; x_wconf 79' lang='lat' dir='ltr'><strong>Alienandi</strong></span> <span class='ocrx_word' id='word_1_176' title='bbox 1038 3111 1117 3178; x_wconf 90' lang='lat' dir='ltr'><strong>bone</strong></span> <span class='ocrx_word' id='word_1_177' title='bbox 1146 3112 1332 3196; x_wconf 88' lang='lat' dir='ltr'><strong>regularium</strong></span> <span class='ocrx_word' id='word_1_178' title='bbox 1358 3131 1408 3176; x_wconf 92' lang='lat' dir='ltr'><strong>or·</strong></span> 
     </span>
     <span class='ocr_line' id='line_1_23' title="bbox 165 3215 1407 3300; baseline 0.001 -21"><span class='ocrx_word' id='word_1_179' title='bbox 165 3215 273 3282; x_wconf 88' lang='lat' dir='ltr'><strong>diuum</strong></span> <span class='ocrx_word' id='word_1_180' title='bbox 304 3235 401 3300; x_wconf 89' lang='lat' dir='ltr'><strong>usqne</strong></span> <span class='ocrx_word' id='word_1_181' title='bbox 433 3215 470 3281; x_wconf 89' lang='lat' dir='ltr'><strong>ad</strong></span> <span class='ocrx_word' id='word_1_182' title='bbox 502 3236 653 3282; x_wconf 89' lang='lat' dir='ltr'><strong>summam</strong></span> <span class='ocrx_word' id='word_1_183' title='bbox 687 3215 883 3282; x_wconf 74' lang='lat' dir='ltr'><strong>llorenorom</strong></span> <span class='ocrx_word' id='word_1_184' title='bbox 912 3219 980 3282; x_wconf 86' lang='lat' dir='ltr'><strong>onio</strong></span> <span class='ocrx_word' id='word_1_185' title='bbox 1013 3216 1145 3282; x_wconf 90' lang='lat' dir='ltr'><strong>millium</strong></span> <span class='ocrx_word' id='word_1_186' title='bbox 1177 3220 1318 3282; x_wconf 86' lang='lat' dir='ltr'><strong>monetae</strong></span> <span class='ocrx_word' id='word_1_187' title='bbox 1342 3217 1407 3281; x_wconf 76' lang='lat' dir='ltr'><strong>An·</strong></span> 
     </span>
     <span class='ocr_line' id='line_1_24' title="bbox 164 3320 1406 3405; baseline 0.002 -21"><span class='ocrx_word' id='word_1_188' title='bbox 164 3320 313 3402; x_wconf 78' lang='lat' dir='ltr'><strong>atrimae,</strong></span> <span class='ocrx_word' id='word_1_189' title='bbox 337 3321 400 3386; x_wconf 83' lang='lat' dir='ltr'><strong>sine</strong></span> <span class='ocrx_word' id='word_1_190' title='bbox 423 3320 550 3387; x_wconf 90' lang='lat' dir='ltr'><strong>stabilia</strong></span> <span class='ocrx_word' id='word_1_191' title='bbox 573 3322 813 3397; x_wconf 71' lang='lat' dir='ltr'><strong>sebonensi,</strong></span> <span class='ocrx_word' id='word_1_192' title='bbox 845 3321 909 3388; x_wconf 88' lang='lat' dir='ltr'><strong>sive</strong></span> <span class='ocrx_word' id='word_1_193' title='bbox 932 3321 964 3387; x_wconf 94' lang='lat' dir='ltr'><strong>in</strong></span> <span class='ocrx_word' id='word_1_194' title='bbox 985 3320 1116 3405; x_wconf 90' lang='lat' dir='ltr'><strong>pnblieis</strong></span> <span class='ocrx_word' id='word_1_195' title='bbox 1139 3321 1312 3386; x_wconf 88' lang='lat' dir='ltr'><strong>nominibus</strong></span> <span class='ocrx_word' id='word_1_196' title='bbox 1334 3339 1406 3386; x_wconf 88' lang='lat' dir='ltr'><strong>oon·</strong></span> 
     </span>
     <span class='ocr_line' id='line_1_25' title="bbox 164 3425 1403 3509; baseline 0 -19"><span class='ocrx_word' id='word_1_197' title='bbox 164 3426 288 3502; x_wconf 85' lang='lat' dir='ltr'><strong>sistunt,</strong></span> <span class='ocrx_word' id='word_1_198' title='bbox 311 3425 434 3508; x_wconf 84' lang='lat' dir='ltr'><strong>adjecto</strong></span> <span class='ocrx_word' id='word_1_199' title='bbox 455 3427 560 3492; x_wconf 89' lang='lat' dir='ltr'><strong>tamen</strong></span> <span class='ocrx_word' id='word_1_200' title='bbox 580 3425 753 3492; x_wconf 87' lang='lat' dir='ltr'><strong>conditione</strong></span> <span class='ocrx_word' id='word_1_201' title='bbox 774 3430 810 3490; x_wconf 94' lang='lat' dir='ltr'><strong>ut</strong></span> <span class='ocrx_word' id='word_1_202' title='bbox 825 3426 957 3508; x_wconf 85' lang='lat' dir='ltr'><strong>pretinm</strong></span> <span class='ocrx_word' id='word_1_203' title='bbox 974 3445 1010 3490; x_wconf 86' lang='lat' dir='ltr'><strong>ex</strong></span> <span class='ocrx_word' id='word_1_204' title='bbox 1025 3425 1211 3491; x_wconf 90' lang='lat' dir='ltr'><strong>alienatione</strong></span> <span class='ocrx_word' id='word_1_205' title='bbox 1227 3429 1403 3509; x_wconf 87' lang='lat' dir='ltr'><strong>peroeptnm</strong></span> 
     </span>
     <span class='ocr_line' id='line_1_26' title="bbox 164 3527 1405 3614; baseline 0.002 -22"><span class='ocrx_word' id='word_1_206' title='bbox 164 3527 197 3592; x_wconf 88' lang='lat' dir='ltr'><strong>in</strong></span> <span class='ocrx_word' id='word_1_207' title='bbox 220 3528 350 3593; x_wconf 88' lang='lat' dir='ltr'><strong>aliorum</strong></span> <span class='ocrx_word' id='word_1_208' title='bbox 374 3529 520 3594; x_wconf 90' lang='lat' dir='ltr'><strong>bonorum</strong></span> <span class='ocrx_word' id='word_1_209' title='bbox 539 3530 699 3594; x_wconf 90' lang='lat' dir='ltr'><strong>stabilium</strong></span> <span class='ocrx_word' id='word_1_210' title='bbox 715 3548 769 3595; x_wconf 91' lang='lat' dir='ltr'><strong>seu</strong></span> <span class='ocrx_word' id='word_1_211' title='bbox 785 3547 930 3595; x_wconf 86' lang='lat' dir='ltr'><strong>sensuum</strong></span> <span class='ocrx_word' id='word_1_212' title='bbox 947 3531 1180 3614; x_wconf 85' lang='lat' dir='ltr'><strong>acquisitionem</strong></span> <span class='ocrx_word' id='word_1_213' title='bbox 1199 3532 1405 3608; x_wconf 86' lang='lat' dir='ltr'><strong>eonvertatur,</strong></span> 
     </span>
     <span class='ocr_line' id='line_1_27' title="bbox 163 3631 1404 3718; baseline 0.003 -24"><span class='ocrx_word' id='word_1_214' title='bbox 163 3631 263 3716; x_wconf 88' lang='lat' dir='ltr'><strong>iisqne</strong></span> <span class='ocrx_word' id='word_1_215' title='bbox 287 3633 510 3712; x_wconf 85' lang='lat' dir='ltr'><strong>delinientibus,</strong></span> <span class='ocrx_word' id='word_1_216' title='bbox 534 3633 669 3718; x_wconf 89' lang='lat' dir='ltr'><strong>pretinm</strong></span> <span class='ocrx_word' id='word_1_217' title='bbox 692 3636 792 3718; x_wconf 89' lang='lat' dir='ltr'><strong>ipsum</strong></span> <span class='ocrx_word' id='word_1_218' title='bbox 818 3633 880 3698; x_wconf 91' lang='lat' dir='ltr'><strong>alia</strong></span> <span class='ocrx_word' id='word_1_219' title='bbox 904 3635 1021 3699; x_wconf 89' lang='lat' dir='ltr'><strong>ratione</strong></span> <span class='ocrx_word' id='word_1_220' title='bbox 1043 3633 1215 3711; x_wconf 83' lang='lat' dir='ltr'><strong>frontuose,</strong></span> <span class='ocrx_word' id='word_1_221' title='bbox 1240 3652 1276 3698; x_wconf 88' lang='lat' dir='ltr'><strong>ao</strong></span> <span class='ocrx_word' id='word_1_222' title='bbox 1298 3651 1404 3699; x_wconf 81' lang='lat' dir='ltr'><strong>senune</strong></span> 
     </span>
     <span class='ocr_line' id='line_1_28' title="bbox 164 3736 1404 3822; baseline 0.002 -22"><span class='ocrx_word' id='word_1_223' title='bbox 164 3736 340 3814; x_wconf 81' lang='lat' dir='ltr'><strong>collocetur,</strong></span> <span class='ocrx_word' id='word_1_224' title='bbox 363 3738 486 3804; x_wconf 83' lang='lat' dir='ltr'><strong>exclusa</strong></span> <span class='ocrx_word' id='word_1_225' title='bbox 507 3737 645 3822; x_wconf 88' lang='lat' dir='ltr'><strong>qnalibet</strong></span> <span class='ocrx_word' id='word_1_226' title='bbox 668 3737 877 3822; x_wconf 88' lang='lat' dir='ltr'><strong>negotiatione</strong></span> <span class='ocrx_word' id='word_1_227' title='bbox 900 3757 954 3822; x_wconf 93' lang='lat' dir='ltr'><strong>per</strong></span> <span class='ocrx_word' id='word_1_228' title='bbox 976 3758 1079 3806; x_wconf 86' lang='lat' dir='ltr'><strong>saeros</strong></span> <span class='ocrx_word' id='word_1_229' title='bbox 1103 3755 1232 3804; x_wconf 85' lang='lat' dir='ltr'><strong>oenones</strong></span> <span class='ocrx_word' id='word_1_230' title='bbox 1259 3737 1404 3802; x_wconf 87' lang='lat' dir='ltr'><strong>ecelesia-</strong></span> 
     </span>
     <span class='ocr_line' id='line_1_29' title="bbox 165 3840 1404 3926; baseline 0 -20"><span class='ocrx_word' id='word_1_231' title='bbox 165 3840 252 3911; x_wconf 83' lang='lat' dir='ltr'><strong>sticis</strong></span> <span class='ocrx_word' id='word_1_232' title='bbox 276 3842 349 3910; x_wconf 86' lang='lat' dir='ltr'><strong>viris</strong></span> <span class='ocrx_word' id='word_1_233' title='bbox 364 3843 539 3910; x_wconf 87' lang='lat' dir='ltr'><strong>interdieta.</strong></span> <span class='ocrx_word' id='word_1_234' title='bbox 565 3879 603 3890; x_wconf 90' lang='lat'><em>-</em></span> <span class='ocrx_word' id='word_1_235' title='bbox 629 3841 670 3909; x_wconf 90' lang='lat' dir='ltr'><strong>Il.</strong></span> <span class='ocrx_word' id='word_1_236' title='bbox 695 3842 874 3924; x_wconf 88' lang='lat' dir='ltr'><strong>Imponendi</strong></span> <span class='ocrx_word' id='word_1_237' title='bbox 895 3843 980 3910; x_wconf 89' lang='lat' dir='ltr'><strong>bonis</strong></span> <span class='ocrx_word' id='word_1_238' title='bbox 996 3843 1187 3926; x_wconf 86' lang='lat' dir='ltr'><strong>regularium</strong></span> <span class='ocrx_word' id='word_1_239' title='bbox 1203 3861 1304 3917; x_wconf 83' lang='lat' dir='ltr'><strong>onera,</strong></span> <span class='ocrx_word' id='word_1_240' title='bbox 1325 3859 1404 3924; x_wconf 85' lang='lat' dir='ltr'><strong>qnae</strong></span> 
     </span>
     <span class='ocr_line' id='line_1_30' title="bbox 165 3946 1403 4016; baseline -0.002 -4"><span class='ocrx_word' id='word_1_241' title='bbox 165 3964 224 4012; x_wconf 91' lang='lat' dir='ltr'><strong>noo</strong></span> <span class='ocrx_word' id='word_1_242' title='bbox 248 3947 397 4016; x_wconf 82' lang='lat' dir='ltr'><strong>excedant</strong></span> <span class='ocrx_word' id='word_1_243' title='bbox 418 3965 571 4014; x_wconf 89' lang='lat' dir='ltr'><strong>sommam</strong></span> <span class='ocrx_word' id='word_1_244' title='bbox 593 3947 790 4012; x_wconf 82' lang='lat' dir='ltr'><strong>Florenornm</strong></span> <span class='ocrx_word' id='word_1_245' title='bbox 807 3946 967 4012; x_wconf 86' lang='lat' dir='ltr'><strong>dnodanim</strong></span> <span class='ocrx_word' id='word_1_246' title='bbox 984 3947 1116 4012; x_wconf 88' lang='lat' dir='ltr'><strong>millium</strong></span> <span class='ocrx_word' id='word_1_247' title='bbox 1133 3946 1283 4012; x_wconf 88' lang='lat' dir='ltr'><strong>rationem</strong></span> <span class='ocrx_word' id='word_1_248' title='bbox 1300 3949 1403 4012; x_wconf 86' lang='lat' dir='ltr'><strong>temen</strong></span> 
     </span>
     <span class='ocr_line' id='line_1_31' title="bbox 164 4050 1406 4134; baseline 0 -18"><span class='ocrx_word' id='word_1_249' title='bbox 164 4069 201 4116; x_wconf 87' lang='lat' dir='ltr'><strong>ao</strong></span> <span class='ocrx_word' id='word_1_250' title='bbox 224 4053 390 4119; x_wconf 86' lang='lat' dir='ltr'><strong>terminum</strong></span> <span class='ocrx_word' id='word_1_251' title='bbox 414 4050 628 4134; x_wconf 83' lang='lat' dir='ltr'><strong>praefiniendo,</strong></span> <span class='ocrx_word' id='word_1_252' title='bbox 651 4069 712 4134; x_wconf 86' lang='lat' dir='ltr'><strong>qno</strong></span> <span class='ocrx_word' id='word_1_253' title='bbox 735 4069 785 4116; x_wconf 89' lang='lat' dir='ltr'><strong>aes</strong></span> <span class='ocrx_word' id='word_1_254' title='bbox 809 4051 943 4116; x_wconf 84' lang='lat' dir='ltr'><strong>alienum</strong></span> <span class='ocrx_word' id='word_1_255' title='bbox 968 4051 1163 4117; x_wconf 80' lang='lat' dir='ltr'><strong>dissoluatur.</strong></span> <span class='ocrx_word' id='word_1_256' title='bbox 1193 4050 1279 4133; x_wconf 87' lang='lat' dir='ltr'><strong>Quod</strong></span> <span class='ocrx_word' id='word_1_257' title='bbox 1303 4051 1329 4114; x_wconf 92' lang='lat' dir='ltr'><strong>si</strong></span> <span class='ocrx_word' id='word_1_258' title='bbox 1353 4070 1406 4116; x_wconf 91' lang='lat' dir='ltr'><strong>ne·</strong></span> 
     </span>
     <span class='ocr_line' id='line_1_32' title="bbox 163 4154 1403 4240; baseline -0.002 -18"><span class='ocrx_word' id='word_1_259' title='bbox 163 4157 315 4222; x_wconf 80' lang='lat' dir='ltr'><strong>cassarius</strong></span> <span class='ocrx_word' id='word_1_260' title='bbox 336 4157 577 4222; x_wconf 89' lang='lat' dir='ltr'><strong>instaurationes</strong></span> <span class='ocrx_word' id='word_1_261' title='bbox 600 4174 636 4220; x_wconf 88' lang='lat' dir='ltr'><strong>ae</strong></span> <span class='ocrx_word' id='word_1_262' title='bbox 659 4155 911 4222; x_wconf 84' lang='lat' dir='ltr'><strong>ameliorarnenta</strong></span> <span class='ocrx_word' id='word_1_263' title='bbox 934 4155 965 4221; x_wconf 91' lang='lat' dir='ltr'><strong>in</strong></span> <span class='ocrx_word' id='word_1_264' title='bbox 984 4157 1087 4240; x_wconf 89' lang='lat' dir='ltr'><strong>aliquo</strong></span> <span class='ocrx_word' id='word_1_265' title='bbox 1102 4155 1292 4239; x_wconf 89' lang='lat' dir='ltr'><strong>regularium</strong></span> <span class='ocrx_word' id='word_1_266' title='bbox 1310 4154 1403 4220; x_wconf 82' lang='lat' dir='ltr'><strong>fundo</strong></span> 
     </span>
     <span class='ocr_line' id='line_1_33' title="bbox 164 4259 1402 4344; baseline -0.002 -18"><span class='ocrx_word' id='word_1_267' title='bbox 164 4264 345 4337; x_wconf 80' lang='lat' dir='ltr'><strong>occurrant,</strong></span> <span class='ocrx_word' id='word_1_268' title='bbox 369 4278 466 4344; x_wconf 89' lang='lat' dir='ltr'><strong>neque</strong></span> <span class='ocrx_word' id='word_1_269' title='bbox 487 4277 539 4324; x_wconf 89' lang='lat' dir='ltr'><strong>aes</strong></span> <span class='ocrx_word' id='word_1_270' title='bbox 561 4259 698 4324; x_wconf 90' lang='lat' dir='ltr'><strong>alionum</strong></span> <span class='ocrx_word' id='word_1_271' title='bbox 721 4260 880 4338; x_wconf 82' lang='lat' dir='ltr'><strong>contrahi,</strong></span> <span class='ocrx_word' id='word_1_272' title='bbox 904 4261 935 4324; x_wconf 93' lang='lat' dir='ltr'><strong>et</strong></span> <span class='ocrx_word' id='word_1_273' title='bbox 960 4259 1078 4326; x_wconf 89' lang='lat' dir='ltr'><strong>nonnisi</strong></span> <span class='ocrx_word' id='word_1_274' title='bbox 1102 4279 1155 4344; x_wconf 89' lang='lat' dir='ltr'><strong>per</strong></span> <span class='ocrx_word' id='word_1_275' title='bbox 1177 4259 1308 4343; x_wconf 78' lang='lat' dir='ltr'><strong>olionJos</strong></span> <span class='ocrx_word' id='word_1_276' title='bbox 1331 4259 1402 4325; x_wconf 90' lang='lat' dir='ltr'><strong>boni</strong></span> 
     </span>
    </p>
   </div>
   <div class='ocr_carea' id='block_1_5' title="bbox 163 4363 1404 4658">
    <p class='ocr_par' dir='ltr' id='par_1_5' title="bbox 163 4363 1404 4658">
     <span class='ocr_line' id='line_1_34' title="bbox 164 4363 1404 4450; baseline -0.002 -20"><span class='ocrx_word' id='word_1_277' title='bbox 164 4363 203 4430; x_wconf 90' lang='lat' dir='ltr'><strong>ad</strong></span> <span class='ocrx_word' id='word_1_278' title='bbox 236 4364 356 4430; x_wconf 89' lang='lat' dir='ltr'><strong>eosdem</strong></span> <span class='ocrx_word' id='word_1_279' title='bbox 389 4363 546 4450; x_wconf 85' lang='lat' dir='ltr'><strong>regulares</strong></span> <span class='ocrx_word' id='word_1_280' title='bbox 580 4363 764 4448; x_wconf 88' lang='lat' dir='ltr'><strong>pertinentis</strong></span> <span class='ocrx_word' id='word_1_281' title='bbox 799 4363 1007 4430; x_wconf 86' lang='lat' dir='ltr'><strong>venditionem</strong></span> <span class='ocrx_word' id='word_1_282' title='bbox 1039 4364 1216 4431; x_wconf 84' lang='lat' dir='ltr'><strong>necessitati</strong></span> <span class='ocrx_word' id='word_1_283' title='bbox 1252 4363 1404 4448; x_wconf 85' lang='lat' dir='ltr'><strong>provideri</strong></span> 
     </span>
     <span class='ocr_line' id='line_1_35' title="bbox 163 4467 1401 4553; baseline -0.001 -20"><span class='ocrx_word' id='word_1_284' title='bbox 163 4471 275 4553; x_wconf 87' lang='lat' dir='ltr'><strong>queat,</strong></span> <span class='ocrx_word' id='word_1_285' title='bbox 309 4467 364 4534; x_wconf 88' lang='lat' dir='ltr'><strong>hoo</strong></span> <span class='ocrx_word' id='word_1_286' title='bbox 395 4469 426 4534; x_wconf 92' lang='lat' dir='ltr'><strong>in</strong></span> <span class='ocrx_word' id='word_1_287' title='bbox 456 4487 529 4534; x_wconf 89' lang='lat' dir='ltr'><strong>oasn</strong></span> <span class='ocrx_word' id='word_1_288' title='bbox 561 4468 745 4534; x_wconf 89' lang='lat' dir='ltr'><strong>oonoedondi</strong></span> <span class='ocrx_word' id='word_1_289' title='bbox 778 4467 971 4533; x_wconf 75' lang='lat' dir='ltr'><strong>laenitatem</strong></span> <span class='ocrx_word' id='word_1_290' title='bbox 994 4469 1172 4552; x_wconf 80' lang='lat' dir='ltr'><strong>perficiendi</strong></span> <span class='ocrx_word' id='word_1_291' title='bbox 1196 4468 1401 4534; x_wconf 85' lang='lat' dir='ltr'><strong>venditionem</strong></span> 
     </span>
     <span class='ocr_line' id='line_1_36' title="bbox 163 4571 1402 4658; baseline 0.001 -17"><span class='ocrx_word' id='word_1_292' title='bbox 163 4591 232 4641; x_wconf 89' lang='lat' dir='ltr'><strong>oum</strong></span> <span class='ocrx_word' id='word_1_293' title='bbox 261 4572 452 4654; x_wconf 88' lang='lat' dir='ltr'><strong>ooodiiione,</strong></span> <span class='ocrx_word' id='word_1_294' title='bbox 486 4576 539 4655; x_wconf 85' lang='lat' dir='ltr'><strong>nt,</strong></span> <span class='ocrx_word' id='word_1_295' title='bbox 573 4573 600 4637; x_wconf 90' lang='lat' dir='ltr'><strong>si</strong></span> <span class='ocrx_word' id='word_1_296' title='bbox 633 4591 669 4637; x_wconf 86' lang='lat' dir='ltr'><strong>ex</strong></span> <span class='ocrx_word' id='word_1_297' title='bbox 701 4571 802 4656; x_wconf 90' lang='lat' dir='ltr'><strong>pretio</strong></span> <span class='ocrx_word' id='word_1_298' title='bbox 832 4575 974 4657; x_wconf 79' lang='lat' dir='ltr'><strong>percepto</strong></span> <span class='ocrx_word' id='word_1_299' title='bbox 1006 4592 1077 4658; x_wconf 86' lang='lat' dir='ltr'><strong>pars</strong></span> <span class='ocrx_word' id='word_1_300' title='bbox 1110 4573 1260 4658; x_wconf 79' lang='lat' dir='ltr'><strong>supersit,</strong></span> <span class='ocrx_word' id='word_1_301' title='bbox 1295 4572 1402 4642; x_wconf 84' lang='lat' dir='ltr'><strong>eadem</strong></span> 
     </span>
    </p>
   </div>
   <div class='ocr_carea' id='block_1_6' title="bbox 0 0 1608 4768">
    <p class='ocr_par' dir='ltr' id='par_1_6' title="bbox 0 0 1608 4768">
     <span class='ocr_line' id='line_1_37' title="bbox 0 0 1608 4768; baseline 0 0"><span class='ocrx_word' id='word_1_302' title='bbox 0 0 1608 4768; x_wconf 95' lang='lat' dir='ltr'><strong> </strong></span> 
     </span>
    </p>
   </div>
  </div>
 </body>
</html>
