3208 4768
202 163 262 232 186
306 181 416 253 conpr.
434 198 457 237 e.
478 180 533 252 Off.
553 181 601 238 20.
618 181 711 236 Mart.
730 179 823 235 1890.-
841 181 922 236 mod.
936 195 1021 252 proc.
1036 183 1070 235 tu
1084 193 1144 236 aas.
1158 180 1217 249 bia.
1233 185 1261 236 el
1272 180 1351 250 disp.
1367 181 1439 236 cult

199 354 411 439 gregatiouem
435 355 595 420 certiorem
620 354 723 420 locist.
774 355 860 439 Quod
892 356 918 420 si
947 371 1016 420 uero
1047 352 1213 420 summarie
1242 351 1374 430 saltem,
1405 354 1439 417 st

198 459 474 543 extrajudicialiter
505 461 626 525 constet
656 460 818 544 conjugem
844 463 876 526 in
898 457 1083 524 infidelitate
1107 456 1250 525 relictum
1274 457 1350 523 adeo
1373 475 1439 522 esee

198 565 357 630 absentem
382 566 417 628 ut
439 563 554 629 moueri
578 564 718 648 legitime
742 583 801 630 non
825 564 932 648 possit,
955 565 1012 630 ant
1033 564 1184 628 monitum
1207 561 1291 626 iutra
1317 567 1439 644 tempus

52 719 63 740 .
196 669 228 732 in
251 668 417 733 monitione
440 667 626 751 praelixam,
659 687 745 734 soem
779 669 967 735 volontatem
993 687 1053 734 non
1074 666 1297 752 signifloanisse
1319 665 1386 741 rol,
1411 667 1439 730 si

197 773 275 838 adiri
306 771 429 856 quidem
459 773 558 855 possit
587 773 697 856 conjux
725 772 880 851 infidelis,
914 773 967 838 sed
1001 773 1039 837 de
1072 772 1228 854 camparte
1256 770 1321 854 jam
1356 771 1439 836 iacta

198 876 377 942 Christiana
406 875 596 959 interpellari
627 883 759 962 nequeat
789 879 856 942 sine
887 877 1022 943 evidenti
1057 875 1161 962 gravis
1195 875 1298 941 domui
1332 875 1360 938 ei
1391 873 1439 940 rel

196 980 375 1046 christianis
398 980 547 1046 inferendi
571 980 716 1064 periculo,
742 982 815 1065 quin
840 981 1015 1065 hujusmodi
1038 981 1153 1046 damna
1174 997 1243 1044 cum
1267 978 1439 1044 necemaria

196 1085 470 1169 circumspectione
493 1089 525 1150 et
547 1085 669 1152 carteia
691 1086 841 1152 removeri
864 1087 992 1170 possint,
1017 1085 1220 1152 haecomnia
1244 1083 1438 1166 spostolicae

195 1188 266 1256 Sedi
289 1187 481 1254 renuntiabit
503 1189 645 1255 Virarius
662 1190 866 1274 apostolicus,
888 1191 1036 1273 expressis
1053 1188 1227 1255 nominibus
1245 1193 1276 1252 et
1293 1188 1438 1272 expositis

195 1293 385 1376 gravissimis
408 1293 510 1360 causis
530 1311 583 1378 pro
605 1294 771 1360 obtinenda
790 1294 1017 1378 dispensatione
1039 1313 1130 1376 super
1152 1294 1372 1376 impedimento
1389 1292 1436 1356 di-

194 1397 318 1462 rimenti
342 1397 535 1481 disparitatis
557 1398 680 1476 cultus,
713 1399 738 1466 si
766 1403 946 1482 praetensae
968 1399 1120 1464 morundus
1144 1398 1189 1464 vir
1212 1397 1313 1462 adbuc
1335 1397 1367 1462 in
1388 1397 1436 1462 iu·

193 1501 345 1567 fidelitate
368 1503 531 1586 persistat,
559 1505 591 1568 et
622 1503 755 1568 narratis
790 1503 933 1590 omnibus
954 1522 1054 1568 rerum
1088 1522 1286 1587 personarum
1309 1503 1342 1568 et
1361 1500 1437 1568 iacti

194 1605 359 1688 adjunctis,
383 1608 418 1671 nt
440 1606 472 1671 in
495 1626 527 1672 re
550 1611 617 1672 tam
640 1609 743 1690 gravis
767 1608 914 1673 momenti
938 1607 1059 1691 procedi
1085 1609 1151 1672 tuto
1175 1606 1280 1690 possit.

298 1711 345 1774 hd
371 1710 457 1776 Vlll.
486 1711 717 1778 Matrimonium
741 1713 837 1778 etiam
859 1713 889 1776 in
914 1711 1098 1778 infidelitate
1114 1714 1306 1778 contractum
1326 1714 1437 1777 natura

193 1832 250 1879 sna
272 1815 320 1879 est
343 1814 573 1893 indissolubile,
601 1819 632 1880 et
661 1819 735 1880 tunc
759 1817 857 1882 solum
881 1817 980 1901 quoad
1005 1818 1162 1883 vinculum
1186 1809 1311 1880 dissolri
1335 1817 1437 1898 potest

193 1917 308 1984 virtute
333 1918 488 2003 privilegii
512 1919 543 1983 in
566 1919 701 1985 favorem
725 1921 797 1986 fldei
821 1939 840 1986 a
861 1921 985 1987 Cirristo
1010 1920 1141 1986 Domino
1171 1919 1305 1985 concessi
1328 1921 1361 1984 et
1383 1938 1436 2001 per

193 2023 373 2105 Apostolum
402 2022 531 2088 Paulam
555 2024 758 2109 promulgati,
790 2025 910 2108 quaudo
933 2025 1098 2109 conjugum
1122 2024 1202 2090 alter
1224 2023 1435 2088 Christianam

193 2127 283 2191 iidem
306 2127 505 2210 amplectitur
526 2131 559 2194 et
582 2129 660 2194 alter
684 2129 795 2194 nedum
818 2149 836 2194 a
862 2129 920 2194 ilde
944 2130 1156 2212 amplectenda
1178 2129 1301 2194 omnino
1322 2127 1434 2204 renuit,

194 2230 246 2295 sed
272 2250 325 2296 nec
348 2232 416 2296 vult
438 2232 563 2315 pacifice
585 2252 655 2297 cnm
677 2233 807 2317 conjuge
827 2252 972 2300 convorso
992 2234 1170 2299 cohabitare
1192 2233 1306 2316 absque
1321 2229 1436 2315 injuria

192 2335 366 2412 ducatoris,
398 2336 526 2421 ideoque
557 2355 614 2402 uou
638 2356 704 2404 esse
728 2338 826 2404 locum
849 2339 1043 2404 dissolutioni
1066 2338 1166 2422 quoad
1189 2337 1343 2402 vinculum
1367 2355 1435 2400 ma·

191 2439 329 2504 trimonii
358 2440 498 2524 legitime
530 2442 680 2507 contracti
709 2443 739 2507 in
773 2442 974 2519 infidelitate.
1010 2443 1133 2526 quaudo
1165 2441 1255 2508 ambo
1288 2441 1436 2524 conjuges

192 2544 378 2627 baptismum
403 2548 605 2629 susceperunt
627 2546 675 2610 uel
698 2548 851 2630 suscipere
874 2547 1048 2616 intendant.

325 2707 358 2768 2.
395 2699 487 2774 Dece.
510 2724 536 2769 s.
563 2702 674 2785 Ooupr.
697 2723 723 2770 s.
748 2702 856 2788 Officii
877 2704 908 2769 d.
921 2705 951 2770 d.
976 2709 1032 2770 20.
1055 2704 1174 2770 Martii
1197 2707 1294 2771 1889.

256 2832 373 2898 Modus
391 2833 582 2912 procedendi
604 2835 635 2898 ia
656 2836 782 2901 casibus
804 2835 958 2918 bipamiac
978 2841 1006 2900 et
1025 2835 1226 2918 disparitatis
1247 2834 1357 2900 cadas.

451 2955 490 3020 b.
515 2993 550 3004 -
572 2956 783 3038 watenes.

293 3067 461 3150 Episcopus
485 3067 786 3135 lisine-Castrensis
810 3089 902 3152 qnam
935 3069 1108 3134 humillime
1140 3070 1219 3153 petil
1246 3069 1431 3136 solationem

188 3189 278 3235 casus
300 3172 477 3254 sequeutia:
510 3173 545 3236 lu
580 3173 754 3238 l'oederatis
779 3174 940 3240 emericus
972 3173 1228 3256 Septentrionalis
1258 3173 1433 3257 provinciis,

189 3295 246 3340 uon
268 3294 337 3340 raro
362 3277 465 3341 evenit
493 3277 613 3361 aliquos
642 3279 680 3343 ad
695 3277 800 3362 ,noem
829 3278 1015 3343 catholicam
1049 3282 1226 3345 convertere
1256 3277 1308 3362 qui
1341 3282 1433 3343 autea

188 3380 384 3445 matrimonio
410 3381 495 3446 ciuili
518 3400 587 3446 cnm
611 3382 716 3467 aliqua
736 3383 835 3466 juncti
859 3384 958 3460 eraut,
980 3385 1012 3447 et
1035 3387 1141 3466 postea
1158 3383 1325 3448 divortium
1341 3381 1433 3446 cisilo

187 3483 387 3550 obtinueruut
412 3485 458 3550 nol
482 3485 558 3550 inire
580 3486 754 3552 intendunt.
801 3487 891 3554 Certe
915 3489 1014 3570 prima
1037 3487 1178 3571 quaestio
1200 3487 1346 3554 solvenda
1368 3490 1432 3552 est:

187 3590 292 3654 eratne
309 3589 441 3671 primum
460 3591 689 3657 matrimonium
707 3592 843 3657 validum
862 3595 1008 3677 tanquam
1025 3594 1202 3658 contractus
1219 3591 1266 3657 vel
1284 3595 1430 3675 tanquam

186 3694 441 3763 sacramentum?
486 3696 590 3760 Posito
619 3699 721 3760 tamen
753 3697 834 3780 quod
868 3717 903 3762 ex
935 3697 1126 3761 documentis
1148 3699 1180 3761 et
1199 3695 1433 3779 probationibus

186 3797 279 3861 certis
302 3817 320 3861 a
342 3800 427 3862 curia
452 3799 622 3883 Episcopali
646 3802 678 3864 et
706 3800 865 3866 defensore
897 3800 1085 3868 matrimonii
1113 3800 1276 3877 admissis,
1307 3802 1432 3866 constat

185 3901 318 3983 primum
344 3902 574 3968 matrimonium
593 3904 639 3970 rel
655 3908 781 3988 propter
799 3905 968 3990 bigamiam
986 3905 1116 3970 alterins
1131 3907 1229 3989 partis
1245 3907 1292 3971 vel
1307 3909 1434 3990 propter

185 4004 289 4072 cultus
312 4004 525 4089 disparitatem
550 4006 644 4074 laissa
673 4009 919 4087 rationalium,
950 4009 1154 4093 requisiturae
1185 4010 1354 4094 appellatio
1377 4010 1431 4074 de·

184 4110 313 4174 fossoris
342 4111 374 4176 et
402 4109 554 4194 judicium
582 4112 614 4176 iu
644 4114 778 4178 secunda
808 4115 960 4181 instantia
991 4133 1009 4178 a
1043 4115 1211 4181 Benedicta
1232 4114 1317 4184 xlv.
1343 4133 1431 4197 prac-

185 4213 333 4297 scriptnm
358 4215 389 4278 iu
414 4216 536 4280 casibus
557 4215 594 4281 de
619 4217 763 4284 nullitate
786 4219 976 4284 matrimonii
999 4219 1031 4286 in
1055 4219 1133 4285 laoio
1157 4221 1312 4288 Ecclesiae
1335 4218 1431 4285 initii

187 4320 234 4384 An
257 4319 374 4385 sullicit
396 4324 480 4386 certo
504 4332 642 4388 constare
667 4324 798 4405 primum
823 4324 1053 4389 matrimonium
1077 4324 1171 4390 luisse
1196 4323 1338 4390 absolute
1361 4325 1431 4390 uul-

183 4423 258 4502 lnm,
282 4424 328 4488 ita
349 4427 386 4488 ut
408 4423 493 4488 nullo
516 4427 689 4508 requiratur
712 4427 847 4494 secunda
867 4428 1019 4494 instantia
1042 4432 1074 4495 et
1090 4429 1267 4513 judicium?
1291 4429 1361 4494 Non
1382 4432 1432 4494 est

182 4545 272 4592 casus
297 4527 434 4609 Apostoli
456 4527 529 4611 quia
552 4530 602 4594 bic
621 4533 766 4615 supponit
785 4532 1016 4600 matrimonium
1037 4533 1172 4601 validum
1189 4537 1339 4618 tanquam
1355 4552 1428 4599 con-
